2258 3916
550 108 556 123 t
742 100 770 125 fl
980 110 984 117 ·

250 127 436 199 Linun
479 132 776 218 Qururus.
881 156 959 226 ¹5¹3

74 233 176 303 tamir,
197 235 452 312 urriderepiratam
462 228 640 313 ¹capr'umnon
653 236 768 298 liceret?
787 236 956 311 utcontra,

73 325 253 387 quacumque
273 315 324 371 iter
344 314 411 371 fecit
424 315 508 380 ,shoc
524 312 750 391 jucundissimum
771 313 956 391 speuacuum

73 389 203 447 omnibus
217 388 375 447 vindomm
390 402 592 467 captorumque
601 390 720 451 hostiurn
736 392 882 468 praebebat.
901 393 957 452 Ita·

74 478 127 538 que
135 467 163 523 ei
172 466 319 524 concursus
332 465 455 541 undique
462 464 580 535 fiebant,
599 480 631 526 ut
637 485 696 527 non
704 467 793 527 modo
802 486 836 526 ex
848 469 890 528 his
904 487 958 546 op·

72 539 157 612 laidis,
180 541 235 618 qus
242 542 426 611 ducebantur,
445 541 580 602 sedetiam
589 542 768 614 exfinitimis,
782 544 958 605 visendicau-

71 613 958 697 inconvenirenr.Ipseauremtriumphusquamobremomnium

73 693 285 771 triumphorum
299 693 459 771 gratissimus
509 696 575 773 puio
590 697 724 756 Romano
744 698 797 755 suit
815 710 897 775 atque
913 699 960 776 ju·

72 768 277 829 cundiffimus?
297 771 361 848 quia
369 771 459 831 nihile
485 773 601 835 vidoria
609 773 720 832 dulcius.
739 772 846 832 nullum
860 775 897 832 ess
910 793 960 835 au-

69 853 132 904 tem
141 846 333 906 testimonium
341 847 466 906 vidonae
480 852 592 918 cenius,
632 848 716 920 uam,
735 866 805 925 quos
817 849 960 927 saepeme·

69 923 176 992 tueris,
198 864 792 1001 costevinuosadsuppridumducividere.

113 999 410 1078 Hoctuquamobrem
420 1018 478 1059 non
492 998 598 1062 fecisti?
617 1002 799 1078 quamobrem
811 1003 849 1062 ita
863 1002 957 1081 istepi·
966 1002 1001 1075 67

71 1085 134 1135 rata
147 1077 249 1135 celatus
263 1075 322 1146 est,
346 1076 420 1154 quasi
435 1096 500 1137 eum
515 1078 651 1195 adsuicere
664 1079 740 1138 nefas
754 1077 839 1137 esset?
879 1097 958 1139 uam-

74 1151 178 1211 obrem
192 1153 419 1229 suppliciumnon
425 1153 568 1230 sumpsisti.
593 1171 677 1288 (ξυυῃ
693 1155 730 1214 ob
742 1155 850 1214 causam
858 1097 961 1215 tsmmi·

74 1244 146 1286 nem
160 1228 315 1288 reservasti?
336 1245 454 1305 ecquem
462 1230 556 1289 audisti
562 1232 590 1287 in
617 1231 687 1290 iciiia
701 1229 781 1289 antea
796 1243 908 1308 captum
916 1250 959 1291 ar-

77 1304 259 1381 chipiratam,
279 1305 393 1382 quinon
406 1305 490 1364 securi
505 1304 641 1380 percussus
654 1305 705 1364 su?
724 1323 811 1365 unum
826 1307 898 1366 cedo
912 1325 961 1366 au-

81 1380 190 1440 &orem
200 1383 327 1442 misadi:
348 1383 429 1441 unius
435 1382 704 1459 proferexemplum.
722 1382 866 1441 Vivumtu
875 1384 962 1442 archi·

78 1460 199 1535 piratam
214 1458 352 1529 servabas,
372 1476 457 1540 quem
469 1477 517 1535 per
528 1460 700 1536 triumphum
716 1500 725 1528 ,
745 1458 828 1517 credo
843 1501 851 1529 ,
872 1478 958 1538 quem

79 1547 144 1594 ante
159 1553 270 1593 currum
286 1548 366 1594 tuum
381 1537 502 1594 duceres.
529 1537 631 1614 Neque
646 1537 720 1595 enirn
735 1535 886 1671 quidffluam
902 1548 961 1596 erat
1010 1546 1069 1598 un.

74 1610 134 1688 jam
151 1612 306 1688 reliquum,
326 1610 430 1680 nisrut,
449 1609 528 1670 classe
541 1611 795 1689 populiRomauip
825 1614 959 1674 cherrima

78 1686 189 1758 amissa,
210 1689 408 1766 provinciaque
414 1689 546 1759 lacerata,
565 1688 720 1764 triumphus
733 1688 835 1748 navalis
848 1690 897 1749 tibi
910 1690 959 1750 de-

78 1777 244 1824 cerneretur.

111 1842 238 1915 ,XXVIL
257 1842 339 1900 Aen
366 1840 511 1909 round,
532 1840 658 1899 custodiri
672 1840 773 1900 ducem
792 1839 1003 1918 praedonum68

79 1934 158 1979 novo
174 1936 270 1987 more,
290 1917 376 1994 quim
389 1917 474 1976 securi
488 1917 561 1974 feriri
575 1918 703 1976 omniurn
725 1918 856 1994 exemplo
870 1921 957 1994 magis

79 1997 190 2071 placuit.
199 2012 263 2072 quae
271 1994 391 2053 suntistae
399 1992 621 2068 custodraerapud
629 1993 960 2073 quoshomines?quem·

79 2070 235 2134 admodum
245 2070 281 2128 est
296 2066 459 2128 asservatus?
480 2069 658 2129 ⁶⁰lautun1ias
671 2071 846 2147 Syracusanas
859 2089 958 2132 omncs

77 2149 201 2210 audistis:
222 2145 439 2223 pleriquenostis.
458 2144 689 2223 opusestingens‚
709 2146 955 2223 magnificum,re·

75 2241 145 2309 gum
160 2240 195 2282 ae
207 2237 397 2300 tyrannorum.
414 2234 507 2282 toturn
526 2220 563 2280 est
577 2223 718 2282 exsaxoin
731 2224 884 2285 mirandam
898 2225 958 2285 alti·

76 2303 209 2361 tudinem
223 2295 362 2374 depreffo,
382 2299 572 2358 &multorum
580 2301 669 2375 operis
676 2300 783 2375 penitus
796 2301 895 2360 exciso.
914 2303 958 2361 ni·

72 2375 115 2438 hil
124 2389 185 2435 tam
193 2374 311 2433 clausurn
318 2375 353 2434 ad
366 2377 468 2445 caitus,
487 2374 555 2453 nihil
568 2387 625 2433 tarn
637 2374 743 2451 septum
755 2375 896 2454 undique,
915 2379 959 2437 ni-

70 2449 113 2514 hil
121 2467 182 2512 tarn
190 2464 280 2510 tutum
288 2450 323 2511 ad
337 2451 486 2520 custodias,
505 2467 559 2509 nec
572 2450 646 2521 fieri,
667 2469 719 2511 nec
733 2453 848 2528 cogitari
861 2454 958 2529 potest.

70 2528 335 2595 lnhaslaurumias,
357 2524 807 2604 fiquipublicecustodiendisunt,
828 2530 956 2594 etiamex

71 2603 685 2680 ceterisoppidisSiciliaededuciimperantur.

113 2684 162 2745 Εὸ
177 2680 255 2759 quod
262 2680 574 2764 multoseaptivoscives
582 2680 727 2741 Romanos
740 2680 914 2760 conjecerat,
926 2678 1007 2823 {3369

711 2774 714 2781 ’
886 2778 925 2838 qu.

109 2910 150 2951 60.
170 2902 281 2948 Latomias
293 2901 436 2962 Syracusanas
448 2918 517 2949 omnes
526 2901 639 2963 audistin]
666 2901 703 2951 sse
714 2902 748 2951 est
760 2901 842 2951 forma
852 2900 964 2951 nominis

74 2964 180 3024 usitata,
198 2961 238 3010 sed
250 2963 292 3011 alii
303 2967 431 3022 Latmius,
449 2966 536 3014 veneri
545 2968 690 3022 Lautumias,
708 2966 809 3039 antiqua
824 2964 922 3024 forma,
936 2977 964 3015 ut

77 3031 218 3086 Laumdon,
235 3040 279 3091 pro
293 3031 422 3085 Laomedon
441 3029 467 3077 δι
478 3041 573 3077 mutata
584 3049 595 3076 o
606 3029 632 3077 in
642 3047 670 3086 u,
687 3028 756 3095 quod
767 3045 793 3083 na
810 3028 901 3077 Graecis
916 3043 964 3084 no-

80 3091 189 3149 minibus
200 3089 280 3139 sacere
291 3091 374 3139 Latini
386 3088 543 3150 consuevere,
560 3104 586 3140 ut
598 3090 737 3155 liginum,
753 3095 864 3141 Priamus.
872 3091 964 3157 Sicigi·

78 3169 118 3204 tur
132 3160 273 3204 Laurumiam
284 3152 323 3201 illi
335 3167 442 3210 veteres,
457 3155 512 3204 dmi
528 3153 699 3214 videmusne.
708 3163 814 3204 camerar.
834 3161 964 3206 carcerem

82 3224 160 3284 cypri
173 3226 272 3266 feramen
283 3230 380 3266 vocant.
399 3222 521 3267 Homerus
534 3216 564 3266 de
576 3219 775 3283 Manerxanusq·
788 3220 819 3282 ἐι·
832 3218 853 3268 ir
866 3219 965 3286 auem

79 3284 156 3331 didm
170 3280 326 3341 «aeneidum
338 3279 418 3336 usiae.
436 3281 565 3330 Latomias
577 3280 626 3330 dici
638 3295 759 3344 carcerem
770 3281 905 3335 Siculonun
917 3283 967 3333 lin-

81 3361 128 3410 gua
139 3341 336 3397 doeetAscouius
351 3343 478 3393 Pedianus.
497 3341 575 3392 Fuisse
582 3348 670 3409 Spartae
682 3359 783 3410 quoque
792 3342 966 3397 latomiasrli·

81 3411 135 3458 uiue
146 3407 281 3474 signifieat,
298 3422 373 3473 quum
385 3422 468 3457 earum
484 3406 606 3473 angustiae
622 3406 803 3461 Aristomenem
819 3402 968 3475 Messenium

79 3473 176 3525 erafisse
187 3470 282 3528 scribat.
300 3473 421 3524 Nunnius.
441 3472 540 3536 Verbmg.

138 3558 145 3571 ν
474 3539 578 3591 eecce
596 3552 608 3594 5
864 3545 902 3586 σι.
920 3542 973 3584 cm
1038 3567 1041 3573 «
