2258 3916
233 130 417 206 brnen
461 140 770 223 Qunnrus.
874 150 951 235 1481

65 250 132 309 ¹tum
141 244 229 304 multa
238 288 247 315 ,
256 258 316 306 turn
331 250 414 307 stiam
427 247 484 309 hoc
497 268 544 309 me
559 251 676 309 memini
689 247 883 320 dicere‚srcils
896 250 952 312 esse

72 319 262 395 perspicuum,
282 336 416 400 quantum
430 327 500 384 inter
512 327 586 385 hunc
605 328 634 385 δι
647 326 723 385 illum
747 326 950 399 Numidicum,

72 398 172 454 'verum
186 399 392 474 &germanum
407 403 570 473 Metellum,
584 399 727 463 interesset.
745 402 822 463 illum
836 404 951 463 noluisse

72 468 117 530 sua
129 470 289 535 laudatione
299 477 396 550 juvare
415 478 449 536 L.
465 479 629 548 Lucullum,
649 480 746 537 sororis
763 480 871 548 virum,
890 482 952 557 qui-

75 562 139 606 tum
156 549 263 624 optime}
276 551 459 613 convenisset:
478 556 552 614 hunc
574 556 682 613 homini
702 554 861 613 alienissimo
881 553 951 615 lci-

74 623 824 716 vitatibuslaudarionespervim&metumcomparate

87 775 92 786 ι
112 701 203 775 Quod
217 704 262 760 ubi
276 704 411 776 intellexi,
430 708 546 766 multirm
560 707 633 784 apud
646 706 723 764 illum
743 718 866 765 recentes
877 725 948 767 nun·
961 700 1014 775 148

75 784 144 848 tros,
164 778 282 837 multum
290 780 457 841 tabulasnon
464 783 723 851 commendaticias,
741 782 786 842 sed
799 783 949 845 tributarias

76 851 199 912 valuisse:
221 855 366 919 admonitu
378 859 497 935 ipsorum
520 860 748 936 Syracusanorum
768 860 904 935 impetum
918 862 949 920 in
1107 923 1110 929 ,

75 930 331 1001 tastabulasiscio,
351 935 490 1012 in‘quibus
503 935 603 1012 singula
615 935 756 1013 perscripta
769 947 854 994 erant.
873 938 948 995 Ecce
1000 943 1024 990 l·
1033 942 1060 990 1.

75 1015 168 1066 autem
190 1025 263 1066 nova
278 1011 354 1068 turba
372 1022 455 1088 atque
475 1014 540 1071 rixa.
574 1025 717 1070 neminen
736 1011 816 1070 issum
829 1014 948 1071 omnino

76 1079 214 1158 Syracusis
229 1084 285 1144 fine
300 1087 413 1157 amicis3
432 1087 488 1146 fine
501 1088 663 1164 hospitibus,
681 1085 762 1165 planb
775 1088 881 1147 nudum
895 1088 950 1149 esse

74 1174 107 1215 ac
121 1159 258 1220 desertum
272 1162 384 1237 putetis:
405 1165 522 1223 retinere
537 1165 621 1241 coepit
634 1164 735 1223 rabulas
743 1164 948 1225 Theomnastus

74 1233 208 1310 quidam,
227 1238 316 1299 homo
324 1238 436 1299 ridiculis
450 1240 572 1308 insanus,
611 1257 676 1298 uem
685 1241 841 1317 Syracusani
849 1241 949 1301 Theo-

73 1310 307 1381 rustumvocnnt:
326 1258 633 1391 quiilucejusmodiell‚
653 1317 949 1393 uteumpueriseslen-

72 1396 132 1446 tur:
154 1400 185 1446 ut
199 1406 314 1459 omnes,
334 1390 398 1448 cum
411 1392 487 1468 loqui
502 1395 631 1467 coeperit,
650 1390 784 1451 irrideant.
804 1394 894 1467 Hujus
907 1407 949 1452 tr-

73 1463 265 1536 sneninsania‚
285 1468 590 1542 quaeridiculaestallis,
609 1469 745 1528 mihitum
760 1468 947 1529 molestasans

72 1539 133 1597 suit.
154 1558 219 1599 nam
228 1544 291 1600 clun
299 1543 537 1620 spumasageretin
545 1562 609 1615 ore,
629 1545 754 1604 arderent
766 1546 856 1615 oculi,
874 1564 948 1605 vocs

72 1618 196 1702 murima
210 1621 267 1678 vim
277 1638 323 1680 me
337 1619 384 1679 fibi
392 1621 488 1681 afferre
495 1623 637 1683 clamaret:
657 1622 777 1699 copulati
790 1623 819 1681 in
829 1623 874 1699 jus
886 1640 947 1700 pec·
1005 1646 1007 1651 ·

67 1706 206 1754 uenimus.

111 1770 169 1828 Hic
183 1788 236 1845 ego
250 1770 382 1846 postulare
396 1762 485 1851 c'oepi,
512 1787 543 1832 ut
556 1773 623 1833 mihi
637 1772 738 1833 tabulas
752 1773 892 1849 obsignare
911 1792 943 1835 ac
958 1795 1010 1853 149

71 1844 217 1922 deportare
230 1847 332 1906 liceret.
353 1854 379 1895 ⁹⁶
389 1849 436 1909 llle
450 1851 545 1910 contri
553 1868 669 1925 negare,
688 1849 740 1908 esse
753 1849 818 1908 illud
832 1851 898 1909 S.C.
913 1853 942 1913 in

70 1936 131 1999 quo
163 1936 246 1981 raetor
258 1925 403 2000 appellatus
416 1923 495 1996 esset,
515 1944 614 2002 negare
627 1925 655 1985 id
669 1926 737 1983 mihi
750 1925 818 1983 tradi
830 1940 942 2002 oporte·

72 2015 112 2057 re.
155 2016 193 2081 go
206 1999 296 2075 legem
313 2003 441 2072 recitare,
461 2004 591 2061 omnium
606 2002 673 2061 mihi
686 2001 836 2060 tabularum
857 2003 942 2061 &lit-

70 2085 192 2135 terarum
205 2075 261 2133 sieri
288 2077 429 2138 otestntem
437 2092 575 2156 oportere.
594 2077 716 2154 Conui,
729 2078 943 2138 illefuriosusur-

70 2169 153 2227 gere,
172 2152 237 2223 nihil
246 2094 286 2210 as
287 2151 312 2209 se
320 2154 498 2232 nostrssleges
505 2156 647 2232 pertinere.
665 2154 942 2290 Proetorintellrdgenm

72 2228 357 2303 negaresrbiplacere,
376 2230 842 2308 qubdsenatusconsultumratume
864 2250 944 2291 enon

73 2304 202 2372 deberet,
222 2306 304 2363 idme
313 2307 434 2365 Romam
449 2308 601 2384 deportare.
620 2308 698 2440 {uid
711 2306 817 2366 multa?
835 2306 884 2366 nlfi
899 2326 948 2366 ue·

72 2379 227 2443 hemensius
238 2380 349 2440 homini
356 2384 474 2445 minatus
487 2383 586 2444 essem:
605 2384 656 2442 nis
674 2383 766 2460 legum
779 2383 948 2443 sansiionem

825 2476 951 2537 poenam·

104 2587 142 2639 9⁶,-
160 2579 200 2624 rlle
209 2591 281 2625 contra
297 2577 387 2633 inflare,
409 2579 466 2636 me]
492 2576 625 2638 Lambinus
636 2574 690 2625 lreic
700 2576 809 2641 aliquam
820 2578 898 2626 multa
909 2577 947 2626 in·

74 2638 184 2692 tersecuit
197 2655 226 2688 er
238 2636 290 2699 mss.
304 2638 363 2699 suis,
379 2641 427 2688 hoc
438 2640 517 2696 esl‚ur
529 2656 577 2706 ego
584 2642 741 2704 interpretor,
753 2656 784 2689 err
797 2642 946 2698 cujaciano:

71 2721 124 2777 quae
137 2703 193 2752 cum
204 2705 279 2752 etiam
290 2705 376 2768 legerit
387 2703 413 2752 in
423 2704 512 2753 eodem
523 2705 668 2753 Gulielmius
675 2738 682 2760 ,
689 2703 728 2752 hei
753 2703 898 2765 subjicienda
903 2703 948 2751 du-

70 2773 105 2819 xi.
122 2764 261 2831 recepissem
271 2768 346 2815 etiam
359 2768 384 2815 in
394 2781 557 2824 contextum,
580 2770 605 2818 δι
617 2768 684 2816 uncis
695 2718 804 2824 inclusa,
826 2767 947 2817 discretis

71 2831 154 2882 seml
171 2832 255 2879 ceteris
272 2830 339 2879 certb
355 2831 491 2894 legitimis,
516 2830 561 2880 nisr
578 2830 645 2895 quod
662 2845 691 2878 es
708 2832 803 2889 ratione
815 2831 948 2883 turbaretur

70 2894 179 2948 omnini)
192 2895 275 2956 lesssot.
303 2891 356 2943 sunt
368 2907 449 2956 ¹autem
461 2893 554 2943 isthzc:
572 2897 611 2943 Isse
620 2895 709 2951 contri,
725 2898 808 2943 dicere:
825 2912 897 2957 negare
912 2897 949 2955 effe

70 2963 131 3008 illud
143 2960 167 3007 S.
177 2964 198 3006 C.
211 2961 234 3004 in
245 2974 287 3020 que
296 2971 371 3021 prator
383 2960 499 3022 appellatus
509 2961 573 3019 effer,
595 2975 668 3020 negare
679 2960 703 3003 id
712 2960 769 3004 mihi
780 2962 839 3006 tradi
850 2972 947 3021 oportere.

69 3028 116 3086 Ego
129 3025 192 3084 segem
204 3023 292 3068 recitare
304 3023 400 3068 omnr‘um
411 3024 468 3068 mihi
478 3024 601 3069 rasurarum
611 3023 757 3073 &literarum
762 3021 814 3080 fieri
822 3021 948 3083 potestatem.
964 3053 967 3059 -

71 3086 114 3137 lile
121 3076 221 3144 furio'fus
232 3086 387 3146 urgerefflibil.
404 3085 440 3132 itu
452 3085 546 3141 Culucii
557 3083 630 3138 liber,
638 3082 681 3131 nifi
694 3081 761 3147 quod
772 3098 816 3149 pro
827 3098 888 3132 voce
896 3096 951 3146 pra·

70 3164 107 3198 κν
118 3148 220 3205 servaret
228 3159 275 3210 pop.
287 3153 352 3208 uam.
369 3146 503 3213 Lambinus
513 3147 563 3197 baec
573 3146 687 3213 produxit
694 3163 702 3202 3
719 3144 760 3200 sed
776 3148 890 3197 nonnihil
903 3142 951 3195 lse

71 3212 237 3275 interpolata;
255 3209 290 3257 uti
301 3209 380 3258 solent
392 3225 436 3275 pro
454 3212 507 3259 osae.
525 3215 591 3258 Grac.
615 3211 738 3266 Graevius,
751 3211 877 3271 cujaciani
892 3208 950 3265 libri

70 3277 216 3339 scripturam
228 3270 392 3330 secutus,nou
404 3226 523 3323 dusitavit
534 3273 638 3339 recipere
645 3275 717 3320 verba
731 3273 790 3330 illa,
807 3289 858 3339 quae
871 3270 949 3322 codex

71 3339 116 3389 isle
128 3349 212 3402 praeter
223 3337 285 3385 alios
296 3336 375 3385 habet.
393 3341 448 3401 Ego
459 3340 509 3395 eius
519 3335 659 3400 exemplum
671 3331 761 3383 securus
773 3336 831 3386 sum.
861 3340 950 3386 Grute-

72 3417 127 3457 rus,
144 3399 216 3449 credo
223 3433 230 3458 ,
248 3399 336 3448 eodem
349 3399 426 3462 modo
437 3398 460 3448 se
470 3396 586 3466 gemet,
597 3397 616 3448 fi
628 3397 776 3449 Gulielmius
787 3415 839 3452 non
849 3397 950 3461 Lumbi*

69 3479 116 3539 pru
128 3461 207 3529 suisset
218 3465 336 3533 monitor.
356 3467 454 3531 Verburg.

221 3550 223 3555 '
239 3544 244 3551 '
483 3531 587 3592 ,ΜΨ
602 3542 615 3587 s
