2258 3916
265 139 450 209 Linea
491 139 778 209 Tanarus.
881 132 955 221 1381

68 238 228 313 omnibus,
247 242 318 306 milri
331 247 400 306 verb
413 247 498 306 etiam
517 243 679 305 incredibilis
690 242 839 304 videbatur.
877 242 956 319 Saepe

63 318 150 377 enim
158 320 249 379 nostri
255 322 449 397 imperatores,
466 323 591 399 superatis
603 320 737 389 hostibus,
755 316 863 396 optime
874 336 956 395 repu-

62 388 141 452 blica
157 395 252 471 gesta,
271 397 366 459 scribas
378 400 439 459 suos
450 398 554 459 annidis
566 398 652 457 aureis
665 399 695 456 in
715 398 854 457 concione
866 397 953 457 dona·

63 482 146 529 runt.
188 471 241 531 Tu
254 473 324 533 verb
336 477 432 553 quibus
444 476 521 535 rebus
533 475 610 551 gestis
622 516 632 543 ,
652 491 710 552 quo
722 472 799 531 hoste
811 474 952 549 superato,

63 546 268 633 concionem,
288 550 409 611 donandi
422 551 515 622 causa,
533 550 669 610 advocare
682 548 758 608 ausus
770 547 823 608 es?
849 550 952 637 Neque

65 636 155 683 emm
161 622 254 683 solum
260 626 373 687 scribam
380 640 457 687 tuum
465 627 585 695 annulo,
602 626 740 687 sedetiam
746 624 952 687 virumfornffi-

67 712 160 767 mum
181 717 217 761 ac
237 704 278 761 tui
299 703 517 774 diffirnillinuum,
536 704 732 778 Q.Rubrium,
750 700 952 763 hexcelentem
964 695 1093 776 wellet

65 774 199 848 vinute,
218 779 394 851 audiuntote,
412 780 515 857 copiis,
535 795 640 839 corona
654 780 684 838 &
696 776 827 855 phaleris,
852 779 883 838 ὃ(
895 790 953 837 tot·
966 773 986 810 ¹¹
996 767 1049 816 ⁴³³¹·

65 864 131 927 que
146 853 278 914 donastis
297 856 338 916 M.
351 853 522 927 Cotiutium,
541 854 732 915 sandiffimum
743 855 850 925 uirum,
870 864 953 943 atque

66 924 312 991 honestiffimum:
336 933 593 1003 ⁷⁸M.Castritium,
612 933 722 993 summo
734 928 894 1006 splendore,
910 948 954 991 m·

71 1008 183 1081 genio,
249 1010 286 1067 tia
316 1009 452 1070 raeditum.

114 1084 178 1159 Qui
230 1101 272 1143 aec
294 1086 332 1144 rbi
343 1086 444 1145 horum
457 1089 541 1146 trium
555 1086 657 1147 civium
671 1086 866 1145 Romanorum
879 1083 1020 1160 dona186

76 1159 251 1221 voluerunt?
271 1161 375 1223 Siculos
389 1174 538 1240 praeterea,
551 1163 749 1240 potenriffimos
761 1160 953 1221 nobiliffimoa-

75 1236 257 1373 ffiredonasti.
274 1239 322 1315 qui
335 1257 412 1310 non,
431 1239 698 1318 quemadmodums
727 1238 802 1309 rasti,
820 1236 953 1297 tardiores

109 1326 206 1373 erunt:
225 1313 271 1373 sed
278 1319 428 1375 ornatiores
440 1330 489 1375 ruo
498 1314 604 1394 judicio
618 1316 652 1376 ad
665 1328 692 1374 te
716 1315 820 1374 'monia
833 1311 952 1373 dicunda

77 1401 226 1451 venerunt.
246 1392 353 1466 Quibus
360 1411 393 1451 ex
399 1392 519 1451 hostium
525 1390 681 1470 sponis?.de
688 1406 742 1470 qua
748 1388 883 1451 vitione?
897 1406 953 1468 qua

79 1467 306 1602 mma'ddut
320 1467 453 1528 manubiis
467 1511 477 1539 ,
500 1468 562 1528 haec
576 1468 622 1528 abs
632 1479 661 1528 te
673 1467 788 1605 (ignatio
808 1467 953 1527 constituta

61 1556 487 1708 narrandi-nr:
500 1554 954 1710 anunm

79 1692 234 1772 fidumque
261 1713 409 1766 ronnoae,
427 1708 575 1774 piratarum
589 1697 715 1759 nranrbus
726 1696 896 1759 incensaesti
913 1714 951 1757 an
1043 1734 1047 1741 -

79 1769 158 1847 qubd
171 1788 236 1847 ager
241 1714 419 1848 Syracusanus
450 1772 595 1832 raedonurn
607 1773 756 1845 incendiis,
774 1785 803 1832 te
815 1782 951 1849 praetore,

78 1846 195 1907 vallatus
206 1846 263 1907 eli?
283 1866 318 1907 an
331 1848 408 1925 qubd
458 1865 529 1906 rum*
540 1848 735 1936 Syracusanum
747 1849 950 1908 navarchorum

77 1921 208 2000 languine
220 1922 401 2012 redundarit?
411 1942 457 2042 ,ετξ
467 1922 545 2010 quod
558 1942 588 1984 rn
598 1936 681 1999 portu
687 1923 950 2012 Syracusanopirati-

77 1998 555 2164 {idill‘liilililamldi
575 2000 950 2164 ,librislilbris
1002 2102 1064 2154 „,

76 2152 167 2227 egisti,
188 2152 881 2231 uthomrmbusneoblrvrscrquudemrerumtuanrm
889 2170 949 2213 ma·

72 2223 248 2304 le·gestarum
258 2228 358 2289 liceret.

112 2304 232 2363 Annulo
239 2305 366 2366 estaureo
378 2307 459 2366 scriba
467 2306 598 2378 donatus,
618 2306 757 2366 &adeam
765 2306 948 2367 donationem
962 2312 1018 2388 187¹

75 2382 182 2440 concio
190 2380 376 2442 estadvocata.
395 2381 482 2459 Quod
496 2395 552 2442 erat
565 2401 597 2442 os
609 2394 705 2453 tuum,
726 2382 790 2441 curn
796 2382 906 2442 videbas
918 2383 949 2442 in

74 2458 219 2516 concione
226 2458 423 2531 eoshomines,
443 2476 563 2537 quorum
577 2478 611 2519 ex
623 2459 701 2518 bonis
713 2458 761 2517 iiie
775 2459 889 2517 annulus
900 2475 950 2517 au·

75 2550 140 2593 reus
154 2533 321 2604 donabatur,
340 2539 389 2612 qui
401 2534 449 2612 ipsi
461 2534 576 2594 annulos
595 2553 692 2594 aureos
704 2534 864 2610 posuerant,
882 2533 950 2593 libe·

73 2610 358 2688 risquedetraxerant,
378 2608 533 2680 ⁷⁹uteliet,
551 2610 713 2670 undescriba
724 2623 787 2670 tuus
798 2610 855 2671 hoc
866 2621 949 2671 nrum

74 2702 180 2745 munus
198 2703 231 2746 ac
249 2685 416 2745 beneficium
431 2690 585 2746 ⁸0tueretur
600 2686 612 2746 d
650 2704 714 2765 quae
726 2686 810 2765 porro
823 2687 950 2823 praeiztlio

924 2780 950 2822 ae
1001 2811 1005 2819 .

106 2894 148 2942 78.
165 2889 200 2937 M.
213 2887 336 2948 castritium
343 2888 426 2948 firmano
433 2887 553 2951 splendore,
569 2888 666 2951 ingenia,
678 2889 753 2949 gratia
760 2888 894 2951 preditum]
904 2890 953 2937 Ve-
1028 2907 1033 2917 ·

75 2950 130 2999 neti
143 2951 169 3007 bu
181 2951 224 2998 alii
231 2953 317 3015 gloria,
330 2964 376 3019 pro
382 2953 472 3014 gratia,
489 2949 557 3017 quod
567 2952 593 3000 bt
604 2950 653 3015 ipie
664 2964 705 2998 cur
715 2962 809 2998 mutare
819 2946 951 3008 debuerim,

74 3027 129 3061 non
140 3011 220 3062 video.
239 3021 344 3064 camerar.

108 3091 148 3132 79.
166 3082 199 3122 vr
210 3078 268 3135 esser,
284 3081 357 3134 unm]
390 3077 427 3125 sic
437 3073 583 3138 reposuimus
600 3075 747 3128 distedentes
763 3074 792 3125 ab
805 3076 952 3125 Gruteriano

75 3141 147 3249 egeam
183 3130 555 3205 Siclib.X1.adAttic.ep.11.
581 3143 674 3196 Videas,
695 3152 719 3187 aa
730 3140 778 3198 stt,
800 3142 841 3205 qui
855 3153 951 3190 κανων.

106 3216 162 3249 ron.

112 3274 150 3312 κο.
168 3269 304 3325 Τκινετκνέ]
336 3266 411 3315 Anuli
423 3267 489 3315 enim
500 3267 578 3323 aurei,
600 3268 651 3316 &e
669 3265 751 3314 uestris
761 3262 867 3324 ordinis,
883 3266 955 3318 censu

77 3326 184 3392 equestri
194 3328 340 3386 imminuto,
358 3330 393 3390 jus
405 3330 535 3380 amitteret.
547 3330 574 3379 iu
584 3344 622 3394 ep.
635 3280 668 3378 ad
677 3327 847 3378 Dolabellam:
863 3336 907 3400 Res
913 3332 955 3393 fa-

77 3393 178 3439 miliaris
189 3395 254 3438 alteri
264 3409 337 3441 aarum
347 3395 412 3440 valde
421 3396 499 3456 exigna
509 3394 538 3453 est
548 3428 556 3452 ‚
574 3395 649 3440 ‘alteri
662 3394 706 3440 uix
720 3391 828 3456 equestris,
860 3396 956 3455 Docere

78 3452 174 3513 videtin
184 3452 223 3504 hic
234 3454 315 3514 locus,
331 3455 373 3522 qui
385 3456 460 3507 anulo
471 3469 542 3504 aureo
555 3455 699 3519 donarant,
721 3454 837 3524 adeptum
852 3452 900 3507 effe
915 3455 956 3502 lo·

101 3526 105 3531 '
473 3523 540 3573 Sus
558 3537 569 3582 3
652 3580 655 3591 Ι
907 3529 968 3571 m
