2258 3916
210 170 290 256 1238
470 170 530 235 In
571 173 827 239 Vennum

206 277 361 348 liberarant:
382 279 541 355 cognoscite
560 280 683 340 hominis
703 293 845 358 apertam,
864 297 897 339 ac
917 296 979 338 non
1000 296 1025 339 m

207 373 267 414 non
283 356 390 415 ratione
407 355 453 414 sed
467 373 504 415 ne
517 356 729 417 dissimulatione
743 357 856 435 quidem
869 356 974 415 tedam
988 357 1025 415 im

207 431 323 491 bitatem
341 431 535 492 &audaciam
553 435 596 493 M.
609 434 754 504 Petilium,
774 436 897 511 equitem
911 434 1025 491 Roman

49 518 65 554 θ
80 503 153 553 habet
208 525 294 585 quem
308 509 478 569 ebibebatin
491 509 623 579 consilio,
639 510 719 587 jubet
732 528 847 587 operam
861 511 944 577 dare,
963 508 1025 586 quo

51 565 200 683 fflgffqffha'
208 587 323 662 privatae
333 585 419 673 judex
426 584 499 646 esset.
516 586 627 646 Petilius
640 587 791 657 recusabat,
811 587 889 665 quod
902 585 964 644 suos
971 586 1025 645 ami

159 666 165 681 '
210 679 281 739 quos
293 661 342 721 sibi
354 662 384 721 in
397 662 513 733 consilio
527 661 580 722 esse
593 664 692 732 vellet,
711 664 875 739 ipseVerres
888 664 1025 721 retineret.

208 739 301 798 homo
313 737 428 798 liberalis
445 758 481 798 ue
500 752 528 799 at
539 740 566 798 se
580 758 751 818 quemquam
765 742 882 799 retinere
896 757 996 798 eorum
1010 781 1020 810 ,

210 815 310 876 Petilio
316 758 522 875 vellentadeffe.
541 818 634 894 itaque
648 817 789 877 discedunt
802 834 912 876 omnes.
930 833 998 874 nam
1013 834 1025 875 c

210 910 325 971 quoque
338 893 503 969 impetrant,
522 912 558 952 ne
572 896 752 953 retineantur:
772 893 860 971 quise
879 892 953 951 velle
967 892 1025 951 dice

210 969 332 1028 alterutri
344 986 461 1038 eorum,
482 972 598 1044 quitum
605 970 671 1029 iliud
679 969 978 1047 judiciumhabebant,
998 970 1025 1027 ai

211 1044 854 1123 Itaqueistesoluscumsuacohortenequiffima
862 1046 1025 1122 relinquitur

168 1138 203 1197 72
251 1122 1021 1199 NondubitabatMinutius‚quiSopatrumdesendebat,

212 1198 277 1268 iste,
297 1198 585 1276 quoniamconsilium
598 1198 1025 1269 dimisisseniuodieremiuam«

211 1274 308 1335 siturus
315 1293 374 1334 non
388 1272 468 1337 esset:
488 1274 553 1335 cum
566 1276 680 1353 repente
688 1276 800 1352 jubetur
813 1276 915 1333 dicere.
935 1277 964 1315 ⁸²
972 1276 1025 1335 Res

213 1350 270 1411 det.
288 1350 432 1430 Adquos?
450 1352 498 1412 Ad
505 1371 568 1423 me,
589 1354 695 1430 inquit,
715 1351 1025 1421 sitibiidoneusvideor,

215 1428 251 1488 de
266 1428 385 1489 homine
399 1429 491 1488 Siculo
511 1448 544 1488 ac
558 1430 690 1488 Graeculo
698 1428 832 1507 judicem.
857 1429 980 1488 Idoneus
993 1444 1022 1487 es

233 1507 287 1564 uit:
305 1505 509 1581 sedpervellem
522 1504 644 1565 adessent
655 1506 692 1575 ii,
711 1506 758 1583 qui
765 1505 900 1564 afflictant
914 1516 1013 1574 antea,

212 1523 326 1659 amque
340 1594 503 1658 cognorant.
535 1584 607 1651 Dic,
627 1582 731 1660 inquit:
750 1582 788 1641 iili
800 1580 890 1641 adeffe
904 1598 964 1641 non
978 1588 1025 1657 pos

53 1677 146 1733 fessem
152 1678 205 1726 MS.
216 1659 294 1716 Nam
307 1658 435 1728 hercule,
454 1660 544 1736 inquit
558 1659 761 1731 Q.MinuciuS,
781 1676 829 1716 me
843 1676 957 1737 quoque
971 1658 1025 1716 Pet:

56 1760 74 1811 g
88 1745 123 1794 ite
133 1744 188 1791 Mo'.
216 1746 247 1793 ut
261 1734 308 1793 fibi
321 1736 350 1793 in
364 1735 478 1795 consilio
492 1742 505 1782 f
509 1733 646 1806 adessem,
666 1738 782 1812 rogavit.
814 1737 844 1793 &
858 1734 938 1794 simul
950 1734 1025 1793 asub:

60 1822 63 1829 '
170 1820 204 1881 73
218 1811 313 1872 tabire
326 1812 419 1889 coepit.
437 1810 490 1871 lste
501 1813 599 1881 iratus,
616 1813 765 1871 hominem
778 1812 867 1870 verbis
880 1812 1025 1870 vehemens

215 1889 265 1949 bus
277 1888 554 1967 prosequitut,atque
561 1893 586 1947 ei
592 1888 699 1965 gravius
706 1890 790 1949 etiam
798 1889 896 1946 minati
903 1890 988 1967 coepit
995 1929 1005 1958 ,
1018 1908 1025 1943 a

215 1968 246 2025 in
257 1967 284 2025 se
297 1977 407 2024 tantum
421 1967 527 2026 crimen
547 1966 736 2043 invidiamque
748 1965 888 2024 conflaret.

255 2043 344 2100 XXX.
363 2043 588 2111 Miuuc1us,
609 2040 1025 2119 quiSyracusrssrcnegotiatetu

216 2117 257 2177 sui
265 2119 334 2195 Juris
352 2117 540 2194 dignitatisque
563 2116 752 2177 meminisset:
774 2120 803 2175 &
817 2118 866 2194 qui
885 2119 963 2176 sciret
982 2118 1020 2175 ita

217 2195 362 2270 provincia
375 2210 542 2270 remaugere
556 2207 702 2270 oportere,
720 2207 752 2253 ut
758 2195 863 2270 nequid
876 2195 911 2253 de
922 2194 1025 2253 liberta

217 2270 344 2346 perderet
349 2294 359 2339 ς
378 2271 703 2348 hominiquaevisasunt,
722 2273 938 2348 &quaetempus
949 2268 1025 2329 iilud·

221 2350 253 2406 &
264 2348 360 2418 causa,
380 2348 518 2484 respondit
534 2369 541 2408 ε
563 2349 670 2409 causam
684 2348 754 2417 sese,
774 2345 885 2407 dimisso
898 2359 981 2424 atque
994 2348 1025 2406 ab

216 2436 249 2482 to
264 2424 395 2493 consilio,
429 2425 584 2485 efensutum
598 2426 717 2502 negavit.
736 2427 829 2502 itaque
843 2423 859 2481 a
873 2424 995 2483 subselliis
1008 2423 1025 2483 d

221 2499 268 2559 fit:
289 2501 420 2579 idemque
433 2501 507 2572 hoc,
526 2514 625 2579 praeter
637 2503 741 2562 Siculos
755 2546 763 2573 ,
785 2501 869 2560 ceteri
883 2501 989 2577 Sopatri
1001 2518 1025 2559 ar

176 2584 213 2697 qa
219 2579 402 2656 advocatique
409 2580 541 2638 iecerunt.
561 2579 629 2648 Iste,
648 2596 819 2657 quamquam
833 2577 871 2635 est
884 2576 1025 2635 incredibil

64 2648 178 2699 20³³ss
202 2655 559 2732 ·portunitate&audacia,
578 2668 674 2715 tamen
680 2656 769 2715 subito
781 2655 853 2713 solus
867 2653 1007 2713 destitutus
1020 2671 1025 2728 1

222 2733 295 2789 muit
310 2733 341 2789 &
354 2733 530 2789 conturbatus
543 2730 589 2790 est.
633 2733 711 2809 Quid
724 2743 833 2808 ageret,
872 2730 911 2788 ub
925 2730 951 2787 se
966 2740 1025 2789 vert

221 2807 365 2867 nesciebat.
397 2807 425 2864 Si
440 2807 578 2866 dimisisset
592 2826 628 2866 eo
643 2822 772 2883 tempore
785 2826 850 2886 quae
873 2808 986 2874 onem,
1006 2806 1025 2855 ⁸,

172 2954 175 2959 Α
220 2883 416 2953 illisadhibitis,
435 2901 506 2960 quos
517 2885 668 2961 ablegaret,
687 2885 840 2949 absolutum
854 2884 886 2942 iri
901 2883 1025 2959 Sopatrus

138 2992 143 3001 ·
223 2962 313 3022 debat.
339 2960 380 3021 sm
393 2972 487 3021 autem
500 2961 648 3021 hominem
672 2962 802 3022 miserum
821 2975 904 3038 atque
924 2962 1025 3018 innoce

254 3148 292 3189 aa.
308 3138 422 3209 Respondet
431 3144 460 3189 ad
470 3148 539 3206 quos?
555 3142 583 3189 ad
593 3158 627 3189 me
637 3142 718 3205 itaquit.
735 3142 803 3195 fitibi
814 3142 921 3194 idoneum]
938 3143 1025 3203 Sequor

223 3204 256 3251 ris
268 3202 323 3252 libri
334 3204 488 3268 scripturam,
505 3204 532 3251 in
561 3218 595 3252 uo
605 3204 652 3262 cst,
667 3205 780 3268 ‘Respondet
791 3205 963 3266 abit'ffejmlr'res.
980 3219 1009 3249 an
1021 3222 1025 3248 r

222 3270 272 3330 quia
282 3270 433 3325 aisiidoneus,
449 3270 493 3320 doc.
511 3272 533 3316 U
554 3282 616 3317 inus.

258 3337 269 3375 8
274 3346 295 3383 3.
315 3331 361 3390 rost
372 3335 419 3378 iltis
428 3334 545 3389 adtritin's,
561 3349 613 3396 qnos
623 3332 749 3393 adlegarem]
766 3330 1025 3387 tAdbibr'tisr'nconfib'un

226 3391 354 3442 oiicoder.
372 3398 432 3443 Non
439 3392 576 3444 necessario.
594 3393 649 3444 vid.
662 3394 785 3461 egregiam
796 3393 882 3442 summi
895 3392 1019 3441 Gronovii

225 3456 352 3506 vuasonem
362 3458 392 3510 ad
403 3458 456 3512 Lib.
464 3463 506 3512 lv.
518 3473 556 3526 ep.
570 3474 592 3519 7.
605 3457 636 3510 ad
647 3460 715 3511 Fam.
728 3463 758 3509 A
767 3462 813 3510 tuis
822 3460 915 3525 reliquis
923 3475 964 3506 non
975 3459 1025 3503 adra

226 3518 342 3589 berburg.
