2258 3916
74 512 149 549 emes.

214 122 295 185 1554
481 100 540 165 lu
581 102 833 165 Verentur

214 202 282 261 civis
295 198 440 261 Romanus
453 202 482 260 in
495 205 638 279 prouincia
650 204 748 282 populi
765 204 892 264 Romani
904 242 915 275 ,
940 207 973 267 in
991 207 1098 283 oppido

213 276 532 349 foederatorum,abeo,
549 281 993 358 quibeneficiopopuliRomani,
1013 285 1095 342 fasces

213 353 355 413 &secures
365 353 658 434 haberet,deligatusin
665 358 1092 446 forovirgiscaederetur?Qtdd,

57 450 75 549 ³
90 436 134 482 arii
144 444 201 487 ean·
212 428 278 489 cirm
291 432 368 507 ignes
386 432 583 569 tardentescplue
596 436 724 505 laminae,
745 450 885 513 cetenque
897 448 1035 495 eructatus
1048 434 1093 494 ad·
1127 429 1129 446 ¹

215 507 421 567 movebantur?
442 510 469 567 Si
482 522 510 568 te
524 514 533 569 i
552 513 593 570 ius
607 513 704 571 acerba
716 512 875 587 imploratio
895 511 925 570 δι
938 530 999 571 vox
1015 511 1092 571 mile·

214 583 302 643 rabilis
322 596 418 644 ⁴0non
430 585 586 656 inhibebat,
600 607 637 647 ne
651 590 755 647 civium
762 586 876 666 quidem
884 590 1089 658 Romanorum,

138 688 141 696 =
215 663 264 737 qui
278 672 339 719 tum
354 661 482 732 aderant,
501 663 567 723 fletu
586 666 735 741 &gemitu
749 665 876 723 maximo
892 665 1091 725 commoveba-

214 737 266 797 te?
286 740 320 798 In
333 758 445 799 crucem
458 752 489 798 tu
502 758 582 817 agere
595 743 672 801 ausus
691 760 719 800 es
738 757 929 819 quemquam,
947 741 1038 819 quise
1058 740 1090 799 ei·

215 832 284 874 vem
290 817 453 876 Romanurn
467 814 520 875 elle
534 818 656 877 diceret?
675 818 764 877 Nolui
776 818 1088 893 tamuehementerage·

215 910 246 951 re
260 893 316 952 hoc
330 895 417 969 prima
432 893 558 964 afflone,
573 895 696 971 judices:
715 895 801 954 nolui.
826 894 939 953 Vidistis
951 895 1046 964 enim,
1062 902 1089 953 ut

216 969 491 1029 animimultitudinis
502 972 531 1029 in
542 970 622 1029 istum
637 971 750 1042 dolore,
770 974 800 1030 δι
812 970 899 1042 odio,
920 972 950 1029 δι
964 987 1088 1031 commu·

214 1048 257 1104 nis
269 1046 383 1121 periculi
396 1060 490 1116 metu,
509 1051 720 1108 concitarentur.
753 1060 781 1097 ⁴¹
792 1048 879 1107 Statui
897 1060 1015 1124 egomet
1026 1045 1088 1107 milti

116 1170 123 1183 .
150 1170 157 1184 .
213 1134 274 1189 tum
283 1123 401 1181 modum
408 1124 526 1182 orationi
540 1143 629 1194 meae,
648 1126 678 1182 ὃ(
692 1125 726 1183 C.
732 1125 912 1194 Numitorio,
933 1125 1021 1201 equiti
1033 1124 1088 1183 Ro-

213 1216 317 1269 mano,
335 1200 444 1275 rprimo
459 1201 586 1272 homini,
605 1201 665 1260 testi
686 1219 774 1261 meo:
796 1203 826 1260 δι
847 1200 1046 1270 Glabrionem,
1062 1196 1088 1257 id

211 1275 290 1353 quod
296 1276 486 1351 sapientiffimd
498 1279 582 1348 fecit,
600 1280 691 1337 facere
703 1279 809 1337 laetatus
820 1277 898 1346 sum,
917 1288 947 1335 ut
962 1272 1089 1353 repente,

211 1353 519 1424 4⁸consrlioinmedio,
538 1356 634 1414 testem
642 1354 799 1414 dimitteret.
817 1353 1088 1419 Etenimverebatur.

211 1430 371 1505 nepopidus
377 1431 522 1490 Romanus
534 1431 568 1490 ab
579 1430 629 1490 isto
644 1449 689 1489 eas
702 1450 796 1509 poenas
809 1431 838 1490 vi
851 1428 1089 1507 repetillevidete·

211 1518 272 1575 tur,
293 1524 360 1582 quas
372 1508 473 1565 veritus
488 1504 569 1577 effet,
595 1525 633 1567 ne
650 1507 698 1565 iste
717 1509 820 1584 legibus
838 1508 870 1566 dc
882 1505 975 1567 vestro
984 1506 1089 1583 judicio

213 1600 274 1641 non
289 1580 354 1641 elset
365 1583 564 1657 persolunnoc
1128 1575 1129 1596 ¹

149 1662 204 1735 164
250 1661 351 1729 Nunc,
370 1662 504 1735 quoniam
506 1661 567 1736 jam
575 1660 747 1737 exploratum
760 1662 796 1719 est
810 1658 958 1730 omnibus,
978 1677 1039 1737 quo
1051 1657 1090 1719 lo·

53 1738 70 1787 s
80 1742 133 1791 our.
149 1742 204 1789 delet
213 1754 248 1795 co
263 1736 341 1795 causa
353 1746 399 1794 tua
415 1737 463 1807 sit,
483 1739 529 1808 bc,
549 1738 616 1815 quid
629 1741 643 1784 s
650 1738 686 1797 de
697 1753 726 1797 te
738 1740 863 1797 futurum
874 1734 923 1795 fit:
946 1735 984 1794 sic
998 1748 1090 1795 tecum

53 1803 91 1853 de.

211 1831 307 1950 pgadrp
323 1810 1091 1950 Gavdunplistum,qrpemnpepentgnumgpfiescgrltatoerfsmfug:

206 1909 336 2045 jge'cucnlrst’
351 1907 442 2043 ilerfrlle
453 1909 632 2027 iclnsbllillmaeux
641 1910 736 2028 fiarearsis
752 1908 898 2054 {lagnon
910 1905 1091 2100 Simcitslsso·

209 2062 289 2103 rum:
308 2063 345 2101 ne
358 2044 438 2118 pollis
445 2043 553 2113 dicere,
574 2062 638 2112 me,
658 2044 762 2122 quiasrt
776 2044 874 2121 ahqurs
885 2059 915 2099 m
948 2053 1030 2101 tterrs
1041 2042 1092 2101 Ga·

209 2123 288 2189 vius,
316 2120 373 2178 hoc
394 2118 496 2196 fingere
517 2122 546 2178 δε
560 2121 660 2197 eligere
672 2139 796 2191 nomen,
814 2130 846 2178 ut
857 2117 934 2177 hunc
947 2117 1031 2181 illum
1044 2114 1092 2179 effe

162 2262 166 2269 ,
208 2197 310 2273 poffim
318 2196 425 2256 dicere:
444 2197 489 2255 sed
501 2196 653 2255 secundum
662 2199 801 2257 arbitrium
812 2207 894 2254 tuum
907 2193 991 2254 testes
1005 2194 1091 2264 dabo,

82 3429 178 3664 .,

209 2275 258 2352 qui
273 2274 352 2333 istum
364 2274 453 2350 ipsum
467 2272 602 2350 Syracufis
616 2275 702 2333 abste
723 2276 752 2333 in
772 2272 918 2331 lautumias
932 2271 1092 2347 conjeetrn

210 2350 266 2409 effe
279 2351 379 2409 dicant.
405 2351 558 2426 producam
573 2352 657 2409 etiam
678 2351 818 2420 Cosanos,
838 2348 998 2423 municipes
1010 2348 1091 2415 illius,

210 2427 428 2498 acnecellarios,
447 2429 496 2504 qui
506 2439 536 2485 te
542 2445 618 2486 nunc
630 2427 690 2486 sero
704 2427 841 2495 doceant,
858 2423 970 2502 judices
983 2442 1046 2485 non
1057 2422 1093 2485 se·

209 2503 260 2575 ῐὸ,
279 2504 357 2575 illum
370 2505 551 2575 P.Gauium,
569 2522 656 2582 quern
671 2517 704 2565 tu
717 2505 747 2563 in
761 2520 874 2565 crucem
887 2500 985 2579 egisti,
992 2503 1093 2639 ¹{iven

1020 2594 1095 2639 oma-
1111 2600 1114 2605 ·

240 2722 282 2765 4ο.
299 2706 484 2761 mahthildae]
515 2699 649 2750 Lambinus
663 2719 705 2747 non
715 2700 820 2754 leniebat,
835 2695 919 2745 minus
930 2695 1014 2752 reste,
1032 2692 1093 2745 tert!

208 2781 297 2817 eontra
307 2768 397 2815 libros:
415 2768 472 2814 licet
485 2763 517 2813 fic
528 2764 606 2814 exstet
619 2762 683 2828 apud
696 2763 821 2817 Gellium,
833 2760 875 2826 qui
881 2760 1032 2809 memoriter
1042 2755 1092 2808 seri·

207 2830 278 2897 psrffe
288 2828 312 2880 se
323 2828 367 2878 ista
379 2829 516 2879 confinnat.
534 2830 561 2877 in
572 2832 667 2877 inhibere
677 2825 825 2891 metaphora
834 2823 868 2872 est
879 2823 895 2871 d
906 2837 933 2871 te
944 2824 1091 2873 nauticum·

207 2910 265 2946 mos
276 2894 402 2953 inhibent,
420 2909 475 2943 cum
487 2892 616 2941 inflestunt
627 2904 653 2940 ut
665 2893 736 2940 aliter
747 2889 872 2953 navigent.
890 2891 960 2936 Grae.

239 2976 278 3020 41.
297 2964 374 3007 d‘tatur'
384 2975 462 3019 promet
474 2961 552 3016 mihr'.]
569 2956 641 3006 Nihil
652 2952 726 3005 deest.
744 2956 770 3003 &
781 2951 815 3000 stc
825 2951 972 2998 Terentius:
990 2956 1046 3000 Tm
1054 2948 1091 3021 ¹²!ss
1115 2964 1123 2989 '=

205 3023 256 3070 huic
268 3026 301 3070 rei
308 3024 406 3084 slarmsti
417 3026 504 3071 modum
512 3035 581 3086 parer.
600 3019 697 3071 induxit
709 3015 873 3071 Lambinum,
883 3026 911 3062 ut
922 3014 1012 3063 locum
1022 3024 1090 3085 mutr-

203 3084 259 3135 lum
271 3085 391 3144 crederet,
408 3085 554 3152 superfluum
566 3086 616 3134 tibi.
647 3084 716 3148 atqui
730 3082 831 3146 elegans
846 3076 873 3127 id
890 3079 919 3128 δι
929 3078 1020 3127 tritum
1031 3088 1089 3143 optt-

204 3150 254 3197 mis
266 3148 429 3216 scriptoribus.
448 3149 604 3199 Gulielmius.
625 3151 691 3196 idem.
915 3204 921 3216 ⁸
1056 3203 1062 3214 Ι

237 3230 276 3271 42.
296 3218 382 3269 confilio
395 3219 419 3262 in
430 3218 521 3270 medin]
538 3211 676 3260 Consilium
688 3208 742 3258 esti
759 3205 784 3256 sa
795 3204 956 3261 deliberatio,
969 3218 1045 3271 quam
1055 3216 1086 3263 po·

205 3270 273 3343 dices
283 3278 346 3327 inter
357 3276 380 3326 se
392 3278 483 3326 habent
495 3313 502 3334 ,
521 3275 580 3343 quid
592 3275 623 3324 de
634 3271 704 3323 causa
714 3222 843 3329 rigentur,
867 3272 892 3319 ἃ
904 3267 967 3335 quid
984 3281 1086 3343 pronun·
1115 3294 1118 3320 ι

205 3340 329 3390 tlandum.
346 3348 392 3391 Pto
405 3343 540 3392 Cluentio:
558 3349 614 3395 Cur,
631 3357 679 3387 cum
690 3342 714 3385 r'n
725 3337 835 3395 confilium
846 3337 929 3391 iretur,
947 3335 1014 3394 abeffe
1020 3346 1084 3396 pam·
1109 3326 1118 3361 ·¹

201 3398 299 3449 tamur?
315 3422 363 3452 cum
374 3410 398 3451 in
408 3410 520 3467 confilium
530 3406 658 3473 mittebant,
668 3407 782 3459 Stalenum
787 3402 885 3464 judicem
895 3415 937 3473 nen
947 3396 1084 3463 requirant
1115 3374 1118 3433 l

203 3463 326 3525 Ninnius.
346 3469 446 3534 Verlurg.
959 3539 989 3588 ω
1016 3530 1085 3580 m
1115 3530 1118 3541 Ι

1115 3594 1119 3655 Ι
