2258 3916
222 116 305 196 1506
486 114 842 183 iuvenitur

217 214 366 301 pomisque
373 212 570 286 defenderent,
588 219 678 293 pretio
686 216 732 277 abs
746 228 777 278 te
786 217 831 295 jus
845 215 958 279 foederis
969 216 1001 277 &
1014 219 1106 296 inipe-

216 307 250 351 tu
263 292 457 354 conditionem
471 306 608 353 emerunt.

175 382 208 441 51
258 369 337 444 Quid
343 369 457 429 censetis
469 371 498 429 in
510 370 567 429 hoc
580 370 686 431 roedere
694 369 827 430 faciundo
833 368 949 429 voluiffe
956 370 1105 431 Mamerti·

219 445 567 522 norimpendereiaboris,
586 464 696 524 operae,
715 448 858 522 pecuniae,
878 447 1103 507 nehaecbiremir

218 519 425 593 adscriberetur,
446 521 468 581 fi
480 523 510 583 id
524 524 581 582 ullo
594 524 684 583 modo
696 522 805 600 possent
819 522 835 581 it
848 523 1103 600 nostrismajoribut

57 610 68 658 1
84 608 189 675 impera·
218 597 387 675 impetrare?
406 616 490 670 narn,
511 598 640 660 cimhoc
654 618 756 659 munus
770 603 822 659 ¹im
861 601 965 659 ra'retur
979 612 1039 659 tam
1046 618 1104 677 gra·

58 672 129 746 parur
135 674 204 724 MSS·
218 692 254 732 ve
267 676 390 747 civitati,
408 677 497 735 inerat
502 677 595 736 nescio
603 694 660 754 quo
668 676 758 737 modo
764 678 794 735 in
806 617 860 735 nii
868 675 976 735 foedere
988 676 1104 736 societt-

57 735 202 800 ¹¹¹¹P⁰¹¹⁰b²·
218 751 253 811 tit
265 752 477 841 quafiquaedam
485 754 701 813 uotaservitutis.
718 751 1041 829 Quodtumrecentibus
1053 753 1103 813 suit

58 808 97 848 Μ
108 805 183 852 tamt.
211 828 336 899 officiis,
354 842 458 906 integra
471 848 519 899 re,
538 830 616 890 nuliis
629 829 724 905 populi
739 831 863 887 Romani
882 828 1100 899 difficultatibus,

219 900 392 981 imajoribus
404 906 500 965 nostris
506 904 611 965 foedere
616 903 719 982 aisequi
732 924 791 963 non
805 917 972 981 potuerunt:
992 906 1022 965 id
1029 922 1100 967 nunc

218 982 295 1041 nullo
310 1001 389 1043 novo
395 982 489 1041 officio
501 982 567 1053 suo,
586 994 630 1042 tot
644 983 721 1041 annis
735 981 811 1058 post,
825 982 888 1058 jure
895 982 1007 1057 imperii
1021 982 1100 1042 nostri

219 1060 548 1191 puotannisusurpatum,
568 1059 877 1135 acsemperretentum,
896 1058 1100 1119 summaindif·

173 1151 208 1208 52
240 1133 340 1196 euitare
352 1136 485 1205 navium,
503 1134 520 1195 i
536 1135 570 1193 C.
576 1136 665 1194 Verre
677 1136 766 1212 pretio
780 1132 892 1194 affecuti
904 1133 975 1194 sunt.
992 1136 1036 1196 At
1045 1136 1099 1195 hoc

217 1207 305 1269 solinu
318 1211 379 1271 sunt
392 1209 519 1282 affecuti,
537 1229 576 1271 ne
582 1229 691 1271 navem
705 1211 808 1271 darent.
826 1212 956 1287 Ecquem
969 1224 1097 1280 nautam,

218 1303 338 1364 ecquem
351 1289 486 1359 militem,
506 1289 554 1366 qui
567 1300 614 1347 aut
628 1290 657 1347 in
671 1286 766 1360 clrffe,
785 1298 833 1347 aut
845 1285 1098 1363 inpraefidtoeffet,

218 1373 247 1421 te
254 1374 389 1437 praetore,
408 1383 457 1441 per
464 1365 613 1423 triennium
622 1365 784 1425 Mamertini
791 1362 948 1424 dederunt?

168 1482 172 1489 -
239 1441 333 1507 ,xxi
350 1441 533 1510 Druroun
546 1439 654 1501 cimex
666 1439 912 1508 senatusconsulto,
932 1441 1097 1519 itemqueex

213 1515 431 1592 legeTerentia
451 1518 482 1577 &
501 1516 589 1577 Ctffia
611 1519 784 1577 frumentum
805 1534 831 1575 ae
851 1515 976 1576 nobiliter
997 1518 1097 1577 enrith

214 1592 345 1661 omnibus
358 1592 458 1653 Siciliae
471 1593 625 1653 civitatibus
637 1606 779 1671 oporteret
794 1613 802 1652 :
820 1535 852 1652 ii
863 1610 922 1682 quo
942 1611 980 1652 ue
999 1608 1097 1653 munur

211 1668 276 1728 leve
294 1680 377 1747 atque
397 1686 552 1735 commune
565 1671 741 1730 Mamertinis
757 1668 888 1730 retnifistr.
949 1670 1027 1738 icet.¹
1043 1671 1096 1729 fru-

213 1760 343 1805 mentum
349 1748 600 1813 Mamertinosnon
613 1746 721 1807 debere.
740 1745 901 1823 Quomodo
907 1762 968 1805 non
976 1745 1095 1806 debere?

213 1838 267 1893 au,
287 1834 361 1883 utne
368 1823 542 1885 venderent?
561 1840 621 1883 uon
635 1824 712 1885 enim
726 1835 783 1883 erat
795 1823 852 1883 hoc
863 1839 951 1899 genus
964 1822 1096 1883 fiumenti

213 1916 419 1975 exeogenere,
436 1900 515 1977 quod
528 1900 697 1977 exigeretur,
716 1899 762 1959 sed
777 1917 812 1959 ex
825 1916 879 1967 eo.
897 1897 978 2033 puod
991 1915 1096 1959 emere·

213 1989 266 2039 tut.
306 1978 354 2037 Te
366 1978 448 2052 igitur
470 1975 584 2037 rudore
603 1977 633 2035 δι
646 1977 817 2053 interprete,
841 1993 878 2033 ne
913 1993 965 2034 oro
985 1975 1096 2053 quidem

208 2053 603 2191 ptconmeatnMamertint
615 2052 752 2129 populum
766 2055 930 2113 Romanurn
937 2051 1040 2127 juvare
1052 2051 1096 2113 de·

229 2141 336 2195 uerunt.

165 2219 202 2281 53
252 2209 329 2283 Quae
340 2204 453 2266 tandem
468 2205 642 2277 civitatium,
682 2223 727 2264 uae
741 2202 875 2265 deberet?
895 2204 956 2280 Qui
993 2204 1097 2265 ublicor

213 2298 293 2360 agros
306 2297 400 2354 arant,
420 2295 529 2345 certum
542 2282 599 2353 est,
619 2223 686 2359 quii
701 2300 736 2343 ex
754 2281 821 2368 lege·
835 2280 958 2340 censoria
972 2223 1040 2368 iare
1052 2280 1096 2343 de·

212 2359 304 2419 beant.
322 2378 371 2420 eur
383 2361 416 2421 iis
448 2359 581 2437 uidquam
593 2370 726 2434 praeterea
739 2375 775 2417 ex
786 2356 842 2416 rho
862 2372 965 2434 genere
978 2375 1020 2417 nn

90 2452 150 2502 m.
210 2435 292 2497 visti?
311 2435 409 2571 (puidi
427 2379 579 2497 iecutnani
593 2452 662 2495 num
684 2434 751 2512 quid
766 2445 865 2511 praetet
885 2432 1001 2509 ungulas
1035 2452 1095 2495 ecu-

209 2530 271 2573 mas
283 2531 319 2573 ex
341 2530 392 2589 ege
404 2513 558 2572 Hieronica
572 2509 692 2572 debent?
712 2529 761 2570 cur
780 2510 812 2569 iis
831 2526 947 2586 quoque
967 2509 1094 2581 statuisti,

208 2603 345 2667 quantum
354 2609 388 2649 ex
399 2589 456 2649 hoc
470 2606 572 2665 genere
579 2588 713 2648 frumenti
727 2589 814 2663 empti
828 2585 944 2645 darent?
964 2588 1027 2664 Qui
1038 2587 1094 2647 suut

207 2666 365 2734 immunes,
383 2664 559 2725 iicertenihil
573 2664 683 2725 debent.
702 2676 730 2723 at
743 2664 785 2722 his
798 2680 858 2722 non
872 2660 965 2721 modo
977 2662 1093 2740 impert·

205 2740 253 2803 sti:
275 2742 485 2812 verumetiam,
505 2759 564 2818 quo
571 2741 751 2818 plusdatent,
770 2738 856 2817 quim
869 2750 1017 2815 poterant,
1035 2740 1092 2801 hnc

204 2819 267 2881 sexa
287 2820 433 2879 enamiilia
448 2819 596 2889 modium,
615 2836 680 2896 quae
687 2817 864 2876 Mamertinis
878 2814 1037 2887 remiseras,
1048 2814 1091 2877 ad·

205 2837 301 2957 didiiit.
320 2895 484 2975 Nequehoc
500 2895 581 2955 dico:
603 2896 699 2955 ceteris
706 2912 766 2952 non
773 2892 1026 2967 reiieimperatum
1033 2888 1089 2951 effe

46 2974 169 3047 mpttiin
206 2975 433 3043 4⁸Mamertinis,
454 2976 588 3050 quierant
601 2972 631 3030 in
646 2971 744 3030 eadem
760 2969 854 3038 causa,
876 2969 1006 3044 aquibus
1019 2968 1088 3047 supe·

46 3036 189 3151 {flbnN‘nn-
202 3050 288 3110 riores
303 3069 401 3110 omnes
416 3064 551 3127 praetores
566 3050 634 3107 item
649 3060 681 3106 ut
694 3047 791 3106 ceteris
805 3046 844 3104 im
865 3056 991 3114 erarant,
1001 3062 1088 3122 'pecu-

76 3099 145 3167 qmb·
200 3128 334 3203 triamque
350 3147 384 3186 ex
398 3127 505 3185 senatus
519 3124 647 3186 consulto
662 3126 692 3183 &
705 3142 741 3182 ex
760 3121 822 3198 lege
835 3063 1032 3191 iiiiolveraut,
1050 3120 1087 3179 hit

199 3198 572 3263 dicononreettremissum.
598 3202 652 3272 Et,
670 3211 702 3258 ut
714 3201 771 3259 hoc
783 3197 971 3269 beneficium,
992 3214 1087 3335 ἓξὲξ
1124 3249 1127 3267 ,

232 3399 272 3453 4⁸·
289 3396 447 3453 Mamertinis,
463 3399 505 3462 qui
516 3407 577 3447 erant
589 3397 647 3456 om]
663 3399 693 3447 lu
704 3395 808 3461 antiquo
819 3393 923 3460 legitur:
940 3392 984 3444 Sed
994 3398 1086 3442 Manu·

201 3458 256 3509 tt'at't
269 3458 314 3512 (rt.
333 3455 412 3507 urfin

976 3536 1015 3583 tr·
1032 3522 1083 3572 Du
