2258 3916
195 123 279 193 1544
455 102 862 171 Iuvenum
965 82 969 93 ¹

197 210 374 286 metuatque
397 208 548 286 lacrymis,
573 221 602 268 te
622 210 681 269 mei
700 208 824 267 nominis
837 207 1072 267 commemoratio

198 285 351 361 mitigavit:
369 285 419 345 tibi
424 286 573 346 hominurn
586 286 780 345 innocentium
794 284 900 360 sanguis
912 301 974 343 non
988 282 1069 343 moclb

198 359 351 495 voluptati,
369 361 505 422 sedetiam
531 361 691 423 uaestuifuit.
885 380 890 387 ·

240 437 320 497 Lll.
337 438 428 499 Hac
449 459 482 498 sr
501 439 735 515 tiimuspatens
754 438 874 507 diceret,
892 435 1087 514 potlesaben:

136 514 313 598 ¹139veniam
320 515 433 590 petere?
452 513 555 591 polles,
573 527 605 574 ut
615 514 838 591 tibiignosceret,
856 511 1019 599 postularet
1032 510 1084 570 Sa

203 590 238 649 tis
249 590 287 651 est
300 590 405 651 tactum
421 592 530 661 Siculis,
548 593 607 651 satis
627 592 722 652 officio
741 609 773 650 ac
786 590 995 659 neceffitudini,
1008 586 1068 664 Jurb-

203 682 267 736 ces,
286 667 347 726 satis
359 666 492 743 promiffo
508 668 601 727 nostro
619 685 652 726 ac
666 680 788 744 recepto.
807 665 1069 744 Reliquaesteacan·

202 742 248 812 sa,
262 742 386 820 judices,
404 746 728 821 quaenonjamrecepta,
746 738 905 803 sedinr'rata:
925 738 1067 818 nequeas

203 817 384 889 latrandum,
410 820 456 880 ted
476 821 504 881 in
524 822 617 879 anima
635 820 765 898 sensuque
786 836 853 878 meo
873 818 984 895 penitus
1002 816 1067 874 affixa

205 906 290 973 atque
303 894 381 955 insita
395 896 446 955 est:
467 915 595 973 quaenon
601 895 637 955 ad
649 896 787 956 sociorum
798 895 930 963 salutem,
949 892 1067 952 sedadci

204 971 285 1031 vium
298 972 494 1031 Romanorum
508 1015 517 1042 ,
536 973 592 1032 hoc
605 971 643 1030 est
657 1015 667 1045 ,
690 973 725 1033 ad
738 970 949 1046 uniuscujusque
959 967 1069 1028 nol’nbn

203 1047 293 1107 vitam
313 1050 343 1106 ὅ(
354 1049 513 1124 sanguinem
527 1051 651 1125 pertinet.
679 1049 713 1108 ln
726 1066 781 1125 qua
793 1047 879 1106 nolite
892 1045 910 1105 ir
923 1063 990 1115 me,
1007 1041 1070 1123 quali

205 1121 321 1182 dubium
329 1122 788 1202 fitaliquid,argumenta,judices,
795 1122 958 1199 exspee'rme.
977 1122 1069 1186 omtrit.

205 1215 272 1275 quae
285 1199 377 1265 dicam
391 1200 426 1259 de
439 1201 568 1278 supplicio
581 1202 687 1261 civium
706 1203 902 1261 Romanorum
916 1242 933 1269 ,.
952 1198 990 1258 fic
1003 1208 1071 1257 erint

207 1273 280 1334 clara
299 1276 330 1335 δι
348 1276 469 1348 illustria,
488 1290 520 1337 ut
534 1274 1071 1354 adeaprobandatotamSiciliemtestem

206 1349 335 1419 adhibere
348 1354 455 1428 poffim.
498 1354 585 1415 Furor
597 1357 673 1413 enim
685 1354 815 1431 quidam,
833 1352 938 1411 sceleris
958 1353 990 1411 br
1002 1349 1075 1411 auda

209 1425 264 1485 ciae
277 1446 389 1500 comes,
408 1431 480 1490 istius
493 1430 657 1491 effrenatum
670 1431 796 1491 animum
810 1472 820 1499 ,
838 1431 1075 1505 importunamque

207 1516 335 1567 naturam
348 1518 423 1566 tanta
437 1508 561 1583 oppreffit
575 1509 711 1575 amentia,
730 1519 761 1565 ut
774 1522 930 1582 numquam
950 1505 1077 1567 dubitaret

209 1578 241 1637 in
255 1594 396 1640 conventu
409 1583 500 1658 palam
514 1584 656 1660 supplicia,
674 1600 740 1660 quae
753 1583 783 1642 in
796 1581 944 1641 conuictos
957 1580 1077 1640 malefici

209 1652 303 1715 servos
313 1657 458 1719 constituta
471 1660 547 1730 suut,
566 1678 600 1719 ea
612 1659 642 1718 in
654 1661 728 1718 cives
746 1661 893 1718 Romanos
911 1674 1079 1733 expromere

147 1748 201 1806 140
210 1731 301 1809 virgis
313 1733 399 1811 quarn
414 1736 515 1801 multos
528 1736 672 1805 ceciderit,
689 1735 758 1812 quid
770 1753 824 1811 ego
837 1730 1079 1793 commemorem?

211 1806 340 1876 Tannum
352 1811 505 1874 breviffime
524 1813 606 1882 dico,
621 1812 736 1890 judices.
766 1810 871 1871 nullum
884 1810 938 1869 fult
951 1813 1081 1879 omnino,

94 1892 155 1949 m.
209 1884 402 1972 istopraetore,
422 1889 514 1953 inhoc
525 1888 783 1966 generediscrimen.
802 1887 1081 1962 Itaqueiamcnnlue

210 1961 306 2023 tudrne
319 1964 354 2024 ad
367 1983 484 2042 corpora
503 1967 607 2027 civium
626 1967 821 2027 Romanorum
834 1964 921 2023 etiam
940 1963 1001 2024 fine
1020 1966 1082 2025 inin

211 2051 282 2101 nutu
294 2041 707 2118 ferebaturmanusipsalittoris.
887 2070 890 2075 ·

252 2116 331 2177 LIV.
350 2119 439 2177 Nun
457 2119 768 2196 norrsbocnegare,
786 2118 904 2186 Verres,
924 2117 1031 2179 inforo
1044 2119 1085 2178 li

210 2189 293 2267 lybaei
302 2235 311 2262 ,
330 2197 456 2255 maximo
469 2208 626 2265 conventu,
646 2196 680 2271 C.
694 2195 855 2263 Servilium,
874 2194 969 2253 civem
985 2198 1085 2259 Roma·

52 2281 95 2341 fa
110 2289 200 2336 um,
210 2284 280 2326 num
295 2269 1084 2345 finconventuPanormitanoveteremnegotiatorem,ad

213 2344 344 2416 tribunal,
365 2361 428 2407 ante
442 2348 526 2424 pedes
539 2361 618 2418 tuos,
638 2348 802 2419 adterram‚
849 2348 855 2357 '
890 2346 910 2404 's
928 2348 960 2405 δι
973 2348 1085 2409 verberi
1113 2394 1115 2399 .

213 2419 263 2481 bus
270 2422 427 2498 abjectum?
446 2424 579 2485 audehoc
593 2424 712 2501 prirnbm
725 2441 841 2499 negare,
869 2436 985 2498 rpntes.
1003 2442 1084 2484 nemo

214 2492 408 2574 Lilybaeifuit,
428 2502 614 2577 quinviderit:
633 2500 871 2567 nemoinSicilia,
889 2501 1085 2574 quinaudierit.

212 2572 300 2650 Plagis
314 2578 479 2637 confectum·
489 2576 553 2637 dico
567 2575 734 2637 alitioribus
752 2577 804 2635 tuis
818 2576 911 2634 civem
925 2577 1085 2638 Romantun

212 2650 611 2716 anteoculostuosconcidiffe.
732 2720 735 2725 ¹

151 2743 221 2800 141.
254 2728 527 2806 Obquamcausam,>
546 2728 771 2789 diiimmortales!
791 2726 1038 2805 tametliinjuriam
1053 2731 1086 2789 b·

214 2802 262 2863 cio
276 2806 422 2867 communi
437 2805 532 2869 causae.
542 2807 572 2864 δι
584 2807 639 2883 juri
645 2808 768 2865 civitatis.
787 2804 945 2880 quasrenim
953 2802 1086 2882 poffiteffe

212 2880 369 2952 ullacausa,
389 2899 436 2940 cur
442 2882 498 2941 hoc
506 2883 634 2958 cuiquam
642 2884 696 2940 civi
703 2885 836 2940 Romano
845 2882 908 2955 jure
914 2883 1039 2953 accidat,
1053 2883 1085 2941 ita

213 2973 329 3033 quaero,
348 2961 448 3037 quaein
455 2958 569 3018 Seruilio
580 2959 656 3025 causa
664 2959 754 3018 fuerit.
772 2957 1010 3033 Ignosciteinhoc
1018 2976 1084 3025 uuo,
1113 2970 1115 2985 ¹

207 3033 326 3113 'judices
345 3036 374 3095 in
383 3037 478 3095 ceteris
492 3037 568 3093 enim
582 3052 642 3093 non
655 3050 824 3110 magnopere
840 3032 931 3092 causas
944 3035 1084 3112 requiram

215 3110 342 3176 Locutus
350 3123 407 3175 erar
419 3110 525 3177 liberius
539 3111 574 3171 de
588 3111 658 3172 istius
671 3110 846 3185 improbitate
865 3120 949 3186 atque
963 3111 1085 3188 nequitia.

180 3202 183 3207 ⁴
213 3187 304 3263 Quod
317 3188 357 3247 isti
370 3187 481 3247 simulac
496 3189 685 3246 renunciatum
698 3186 750 3246 est:
769 3185 1003 3263 hominemjubet
1016 3186 1084 3260 Lily·

213 3263 307 3322 baeutn
322 3263 515 3324 vadimonium
523 3264 648 3331 Venerio
663 3262 741 3321 servo
755 3263 926 3338 promittere.
945 3263 1084 3327 Promittir,

215 3339 373 3414 Lilybaeum
386 3341 503 3413 venitur.
523 3357 623 3416 cogere
630 3356 696 3399 eum
705 3339 805 3415 coepit,
824 3338 1086 3416 cumageretnemo,

214 3432 303 3476 nemo
317 3417 480 3493 pullularet,
499 3416 561 3478 H·S
576 3415 682 3479 duobus
689 3416 806 3494 mutuus
819 3414 998 3492 sponsionem
1004 3418 1087 3481 faena

1035 3504 1089 3554 cum
