2258 3916
219 149 330 242 '1388
506 144 944 229 Invenisti*

248 259 360 393 gosthac
372 269 459 320 tantas
470 261 599 350 pecunias
606 261 800 350 magistratibus
805 259 901 322 nostris
906 260 1026 321 decerne

164 384 169 390 .
186 359 241 402 201
271 336 400 413 ersprcere
413 337 627 407 voscertdscro,
645 339 739 399 Siculis
745 351 916 473 uuantopere
923 337 1026 413 hocerq

95 437 111 473 v
127 421 234 493 return.
247 429 306 470 non
313 412 348 472 ad
360 413 541 490 vaequitatem
549 410 729 484 conditionis,
757 415 792 474 ed
804 415 838 474 ad
852 415 971 472 minima
984 422 1026 471 ma

91 489 136 558 ‘15¹2
152 499 227 557 aqud
249 486 379 563 eligenda.
397 506 488 560 nam,
508 501 535 537 ⁹¹
545 490 592 567 qui
606 491 681 549 mille
694 491 822 551 modidm
837 490 920 548 Verri
932 489 988 548 suae
1000 504 1026 565 pt

91 546 344 622 ⁸31¹⁵⁶⁰¹¹³¹·celram
351 565 430 641 gratis
443 562 569 636 dedisset,
589 565 911 637 duomiiiianummdm,
930 564 1026 623 autsun

92 623 198 663 ‘mm'
244 639 294 698 tria
308 638 434 700 dediffet:
454 640 528 700 idem
536 660 609 700 nunc
615 642 774 719 proeodem
781 660 900 702 numero
914 639 1026 700 frumeri

248 733 320 777 vrit
337 717 420 783 millia
434 716 498 775 date
511 717 678 776 coaetus-est.
696 717 752 777 hoc
765 731 855 777 arator
868 715 1025 804 assequiper

92 831 111 864 x
127 796 237 866 sams·
247 795 344 868 nium,
363 804 460 851 xcerte
475 792 563 854 fruetu
575 794 641 871 suo,
654 812 718 854 saon
731 796 836 870 potuit:
855 790 1026 852 vendideriti

92 881 222 930 discesso.
247 882 391 938 mentum,
411 866 568 928 neceffeest.
587 869 694 955 qtrddfi
707 870 763 929 hoc
776 887 876 949 munus
895 870 926 928 &
938 869 1026 927 hoen

249 947 335 1008 aratio
342 945 472 1013 tolerare,
491 945 547 1003 hoc
560 945 612 1014 est,
633 946 720 1005 Sicilia
738 948 809 1005 ferre
828 963 861 1013 ac
875 945 932 1021 pati
946 942 1026 1021 poter

269 1022 317 1080 uio
341 1023 472 1088 Romano
493 1021 562 1079 ferat
580 1023 671 1097 potius
697 1019 781 1105 quim
802 1020 897 1080 nostris
918 1018 1026 1097 magistr

94 1103 119 1158 t..
126 1103 236 1152 cxciv,
250 1037 353 1173 Kiagna
369 1097 405 1155 cst
418 1097 533 1180 pecunia
548 1116 555 1154 :
576 1114 709 1174 magnum
727 1098 946 1186 praeclarumque
959 1094 1026 1154 vedis*

247 1173 336 1233 modi)
349 1173 616 1248 idsalvaprovincia·‚
637 1173 658 1232 fi
671 1172 830 1250 srnernjuria
843 1173 984 1232 sociomm
997 1188 1026 1248 pt

159 1268 161 1272 ·
245 1266 276 1306 re
289 1249 402 1326 poffitis:
423 1248 490 1307 nihii
503 1247 625 1308 detraho.
652 1249 851 1327 Magistratibus
863 1248 1026 1307 tantundem

243 1326 273 1384 in
280 1326 393 1396 cellam,
413 1335 546 1405 quantum
553 1325 758 1402 semperdatum
766 1325 812 1390 est..
825 1324 1026 1405 quodpraetere

244 1419 286 1460 res
298 1403 431 1480 imperat,
449 1401 492 1469 id,
513 1400 533 1459 si
548 1403 636 1460 facere
650 1421 709 1461 non
722 1399 852 1478 possunt,
864 1400 1007 1470 recusent,

244 1478 321 1548 sunt,
337 1479 435 1567 ‘populi
441 1478 562 1536 Romani
575 1477 727 1553 potiushoc
739 1470 908 1552 fitveeugal3
927 1475 1016 1554 qudm

266 1568 378 1614 raetorrs.
447 1579 455 1583 ·

183 1572 266 1690 zoip
286 1629 397 1689 Deinde
409 1647 457 1688 cur
470 1631 499 1688 in
512 1648 570 1690 uno
583 1647 684 1707 genere
697 1629 755 1689 solo
770 1627 900 1687 frumenti
912 1627 960 1686 ista
975 1627 1026 1686 aest

89 1708 238 1775 ydebetalii
248 1705 437 1774 constituitur?
448 1705 484 1764 'Si
498 1707 534 1764 est
548 1705 804 1784 aequa&,ferenda:
825 1703 927 1763 rdebet
940 1704 1026 1780 popili

46 1821 49 1829 ·
89 1776 224 1844 ''mm‘’fff:
248 1801 333 1842 mano
358 1781 466 1841 ²Sicilia
481 1781 619 1841 decumas.
664 1782 711 1841 det
733 1799 785 1856 pro
805 1779 910 1856 singulis
923 1781 1026 1839 triticir

68 1854 72 1866 '
88 1853 106 1911 ¹-
120 1835 168 1947 ⁶5}
180 1839 238 1884 ⁸¹⁰¹'
246 1871 339 1919 ternos
354 1859 492 1921 denarios:
513 1857 560 1916 fibi
572 1858 670 1918 habeat
683 1859 862 1916 frumentum.
888 1856 964 1914 Data
975 1856 1026 1915 tibi

87 1901 151 1952 ’ω’
167 1934 175 1948 ’
245 1937 292 1995 nia
306 1935 359 2007 est,
378 1936 494 1993 Verres:
513 1952 584 2003 una,
600 1952 658 2012 qua
665 1935 834 1992 frumentum
841 1931 889 1990 tibi
901 1949 1015 2017 emeres

203 2077 207 2081 ,
244 2012 316 2077 lam:
337 2013 435 2079 altera,
454 2028 508 2086 qua
521 2011 691 2069 frumentum
706 2026 811 2068 emeres
825 2007 840 2065 a
854 2008 1026 2077 civitatibus,

246 2089 370 2155 Romam
383 2086 510 2144 mitteres.
528 2085 594 2144 Tibi
602 2086 845 2162 datampecuniam
860 2082 938 2143 domi
952 2085 1026 2142 retin

245 2174 376 2249 praeterea
395 2163 542 2236 pecuniam
554 2178 648 2237 penna
668 2178 732 2219 nam
744 2173 794 2219 tuo
813 2161 929 2218 nomine
951 2161 1026 2219 aufer

222 2293 229 2301 ,
243 2238 319 2297 1dem
327 2238 356 2296 in
364 2255 399 2296 eo
407 2238 563 2306 frumento,
582 2179 667 2313 quoti
665 2237 699 2296 ad
712 2237 846 2313 populum
859 2237 1026 2295 Romanum

242 2326 299 2373 net.
318 2314 396 2391 exige
409 2313 506 2372 eadem
514 2313 694 2380 aestimatione
706 2313 852 2389 pecuniam
867 2309 883 2368 i
898 2312 1025 2371 civitatib

242 2391 329 2460 refer,
348 2407 432 2478 quam
447 2389 578 2466 accepisti.
603 2401 664 2448 tum
675 2389 801 2448 refertius
821 2387 870 2447 erit
883 2389 1015 2446 aerarium

244 2462 460 2544 Romaniqudm
469 2484 603 2543 umquam
611 2467 671 2524 fuit.

181 2567 236 2627 203
284 2542 405 2602 Atesim
414 2540 490 2619 itam
503 2559 562 2601 rem
569 2543 598 2602 in
611 2541 721 2616 publico
734 2542 874 2600 frumento
888 2538 981 2598 Sicilia
995 2557 1026 2599 n<

88 2647 104 2681 ι
123 2633 167 2679 arta·
183 2637 237 2682 res·
247 2630 302 2678 ret:
322 2618 393 2681 hanc
407 2635 465 2677 rem
480 2619 508 2675 in
522 2635 588 2676 meo
603 2620 745 2695 frumento
753 2617 822 2675 tulit.
840 2615 982 2675 arrornde
1009 2635 1026 2674 u

89 2694 154 2745 inde
245 2695 355 2772 aequior
365 2692 398 2751 fit
404 2692 450 2752 ista
464 2692 607 2752 aestimatio
621 2694 650 2751 in
664 2705 730 2762 tuo,
751 2693 836 2770 quam
850 2694 878 2749 in
893 2691 992 2768 populi

245 2768 416 2830 commodo:
437 2782 522 2827 autea
536 2786 592 2838 res,
611 2786 696 2857 quam
709 2787 764 2845 ego
777 2769 858 2836 dico,
878 2768 907 2825 &
922 2785 973 2837 ea,
995 2786 1026 2846 qr

245 2844 347 2914 fecisti,
366 2843 468 2903 interse
481 2847 616 2919 generein
627 2847 710 2914 uriae,
730 2862 790 2903 non
797 2843 988 2920 magnitudine
996 2862 1026 2920 ps

161 2918 166 2929 “
245 2920 360 2983 differat.
377 2919 485 2980 Verum
492 2864 766 2998 istamipdmcessam
780 2921 851 2979 ferre
866 2919 942 2977 nulio
958 2919 1026 2979 mod

246 3101 355 3152 infinitas
365 3100 477 3165 pecunias
489 3100 635 3150 conficiendi
645 3099 791 3166 potestatem
801 3098 919 3148 dmemus.
938 3098 1026 3149 Estaut

247 3171 341 3215 Veneta
351 3163 432 3212 lectio.
451 3164 494 3212 alii
505 3178 529 3212 ut
536 3165 580 3228 post
590 3169 637 3212 hac.
656 3168 781 3212 Cametas.

279 3243 316 3283 9¹·
334 3229 384 3291 Qu·
393 3229 453 3273 mille
463 3225 558 3274 madiam
571 3231 650 3288 vent]
666 3231 726 3276 Nou
737 3225 783 3275 fert
794 3225 886 3274 Latinae
897 3224 987 3289 linguae
1000 3239 1026 3274 ra

237 3294 269 3339 ‚ie
279 3293 387 3347 modium,
404 3286 444 3337 sed
454 3293 514 3336 mille
523 3294 611 3338 modios.
643 3296 728 3354 ltaque
745 3303 771 3337 ut
787 3289 813 3336 in
828 3288 922 3336 Francii
934 3286 1019 3350 primo

249 3351 293 3402 seri
310 3350 398 3401 fi'mtm
408 3355 464 3402 mod.
484 3359 531 3402 Aut
542 3351 560 3401 fi
571 3356 631 3401 mille
642 3355 738 3400 modium
749 3351 839 3402 habent
850 3348 1026 3401 vetustioreslri

250 3431 281 3465 au
307 3415 414 3474 endum,
441 3433 559 3476 niimeram,
592 3415 648 3468 vide
665 3419 775 3478 Gronov.
797 3431 817 3467 r.
836 3414 866 3465 de
883 3413 1026 3470 sestertiis<

250 3482 360 3541 (imm
