2258 3916
202 112 282 199 1278
388 113 841 185 -Iu-Vnnn's'rt·
1073 194 1076 207 Ι

221 205 327 297 ¹LXX.
350 202 393 270 Ira
421 223 648 289 serraturis
669 214 767 277 Siciliae
789 218 876 291 ⁶³pro
897 207 1028 292 magistro
1045 210 1085 279 td·
1113 230 1121 239 “

163 320 167 328 ·
196 286 311 364 quidam
326 288 363 347 L.
369 288 563 367 Carpinatius,
578 294 627 370 qui
641 294 672 353 δι
683 293 723 353 sui
755 293 852 352 uaestus
867 292 963 362 causa,
981 293 1013 350 &
1027 292 1082 351 sot··

195 360 262 450 tasse
272 364 351 452 quod
363 311 833 454 sociorumintereffearbitradatun
853 367 925 427 bend
930 369 1043 443 penitus
1053 369 1081 427 in·

197 436 497 528 rstrussrmrharrtatem
510 444 563 505 sese
578 446 661 505 dedit.
694 448 720 508 Is
735 444 799 505 cirin
812 458 962 522 praetorem
977 447 1079 505 circum

198 533 296 604 omma
303 519 365 578 sota
377 521 538 593 sedaretur,
557 540 649 600 neque
663 523 696 581 ab
711 541 746 582 eo
758 532 892 598 umquam
915 521 1077 581 discederet:
1112 538 1121 549 ·

198 596 227 633 ⁶⁶
242 611 272 653 tn
287 612 351 654 eant
362 598 423 673 jam
437 612 552 659 venerat
566 599 778 672 familiaritatem
797 597 1078 675 consuetudinemque

196 671 227 749 irp
247 672 399 758 vendendis
412 675 483 733 istius
503 676 619 735 decretis
637 676 792 751 &judiciis
815 718 823 745 ‚
850 674 1077 754 transigendisque

136 769 191 829 170
199 748 336 823 negotiis,
355 763 385 810 ut
398 753 486 829 prope
499 752 565 811 aiter
572 752 766 812 Timarchides
780 763 979 809 numeraretur.
1012 753 1075 811 Hor
1108 788 1121 821 ,ι

200 837 259 911 erat
271 826 354 886 etiam
364 830 522 905 capitalior,
541 828 619 904 quod
626 828 915 905 idempecuniamiis,
935 828 985 903 qui
992 826 1078 887 abitio

200 896 304 979 ahquid
316 907 522 979 mercabantur,
543 906 645 964 foenori
658 905 746 962 dabat.
778 921 811 962 ea
824 916 918 961 autern
934 905 1078 963 soeneratio
1110 920 1121 957 ε

84 1018 88 1025 -
180 1044 184 1050 ,
199 992 258 1038 erat
268 979 443 1057 hujusmodi,
458 983 583 1057 judiees,
601 981 776 1038 utetiamhic
790 979 906 1055 quaestus
918 980 985 1039 huie
999 980 1078 1039 cede·
1112 996 1121 1035 ε

106 1111 113 1126 ,
140 1104 147 1123 ,
200 1067 251 1114 ret.
268 1074 352 1133 narn,
372 1076 440 1133 quas
451 1059 582 1133 pecunias
594 1059 626 1116 iis
639 1058 743 1114 serebat
756 1056 900 1131 expensas,
920 1057 1078 1133 quibuscum

201 1132 395 1203 contrahebat;
417 1134 655 1205 autscribaeisiius,
675 1146 722 1191 aut
729 1132 922 1201 Timarchidi,
935 1144 984 1191 aut
998 1134 1076 1193 etiam

125 1270 127 1275 ,
158 1270 163 1277 ,
199 1206 254 1283 ipsi·
262 1206 303 1267 isti
316 1210 451 1270 referebat
464 1222 605 1287 acceptas,
621 1209 701 1267 Idem
715 1220 847 1285 praeterea
860 1212 991 1285 pecunias
1011 1208 1078 1269 istius

201 1284 931 1363 extraordinarias,grandessuonorninefoenerabatur.

138 1377 190 1434 171
218 1352 225 1372 '
239 1358 575 1441 HicprimoCarpinatius
587 1361 738 1438 antequam
751 1363 781 1420 in
794 1361 866 1422 istius
879 1373 986 1421 tantam
999 1362 1082 1423 sami«

72 1490 95 1511 .,
199 1434 343 1515 liaritatern
351 1439 529 1526 pervenisset,
548 1440 692 1516 aliquoties
697 1440 733 1498 ad
745 1438 834 1497 socios
845 1439 948 1497 litteras
961 1437 998 1498 de
1010 1438 1080 1501 istius

100 1564 104 1573 .
199 1513 305 1591 injuriis
317 1516 443 1587 miseran·
472 1516 619 1593 Canuleius
632 1516 719 1585 vero,
743 1517 792 1592 qui
803 1516 833 1573 in
851 1528 934 1591 portu
947 1514 1083 1591 syracuni

201 1606 299 1665 operas
305 1590 401 1661 dabat,
421 1595 493 1654 furta
506 1610 619 1672 quoque
632 1592 705 1651 istius
717 1592 851 1668 permulta
865 1592 1036 1651 nominatim
1048 1588 1082 1650 ad

200 1665 292 1749 socios
304 1668 552 1745 perscripseratea,
570 1687 635 1747 quae
648 1669 706 1727 fine
719 1670 844 1743 portorio
858 1666 994 1744 Syracusrs
1007 1678 1083 1726 erant

202 1756 366 1819 exportata:
385 1759 499 1822 portum
512 1760 605 1805 autern
625 1747 692 1803 ⁶²&
711 1746 850 1820 scripturas
870 1742 970 1803 eadem
997 1743 1082 1803 socio

202 1820 380 1907 tashabebatr
411 1824 454 1883 Ita
465 1823 571 1883 fastum
586 1823 639 1892 est,
658 1832 690 1881 ut
702 1819 787 1878 essent
799 1818 951 1896 permulta,
970 1837 1037 1897 quae
1049 1836 1083 1879 ex

202 1894 974 1973 societatisiitterisdicereinistumacproferrepossemus.

71 1994 90 2010 ⁹·
141 2000 195 2065 ψ,
218 2042 223 2051 ¹
236 1968 351 2033 ¹Verum
358 1977 475 2047 accidit,
492 1990 524 2037 ut
536 1976 724 2051 Carpinatius,
743 1974 791 2047 qui
794 1974 854 2060 jam
869 1990 934 2031 cum
948 1972 999 2059 isto
1012 1973 1084 2032 sum·

48 2071 137 2120 sreac
152 2068 254 2129 tattttqra
270 2052 499 2123 consuetudine,
524 2066 656 2130 praeterea
676 2053 689 2096 s
697 2068 726 2107 re
745 2066 778 2106 ac
797 2061 904 2107 ratrone
925 2050 1086 2125 eomundus

46 2150 87 2185 nea
97 2137 179 2183 roem.
206 2122 287 2199 esset,
306 2129 413 2189 crebras
425 2126 760 2206 postearttterasadsocios
766 2124 801 2184 de
816 2127 887 2185 istius
894 2125 1011 2187 summis
1024 2127 1084 2213 osii-

1039 2218 1085 2263 cru

237 2368 275 2417 ῦς.
292 2364 334 2409 Pro
345 2360 446 2421 magistro
457 2360 505 2422 est.]
528 2356 632 2419 Magister
639 2357 748 2415 societatis
764 2364 825 2405 unus
842 2354 930 2420 aliquis
942 2353 956 2403 ὲ
969 2351 1041 2404 soc'iis
1050 2354 1087 2403 diff·

206 2423 303 2472 cebatur
314 2458 321 2479 ,
344 2424 387 2489 qui
397 2428 484 2473 [tomae
495 2420 605 2470 societati
616 2418 706 2476 alicui,
728 2419 754 2469 id
765 2418 799 2468 est
810 2454 818 2476 ‚
840 2434 880 2467 aut
898 2416 1031 2481 scriptura,
1047 2430 1085 2467 aut

205 2487 324 2552 portarii,
341 2501 381 2535 aut
393 2487 549 2552 vestigalium
560 2484 595 2532 ita
604 2496 716 2547 praerat,
734 2484 759 2533 δι
772 2489 961 2532 utDecumanos
973 2481 1086 2592 quasse-

204 2563 292 2599 natum
303 2551 426 2616 cogendi,
453 2553 478 2599 δι
490 2547 521 2596 ad
532 2561 574 2595 eos
586 2545 616 2595 de
628 2544 749 2595 societatis
762 2547 868 2613 negotiis
885 2542 977 2593 referen
998 2546 1006 2593 i
1017 2557 1085 2610 pote·

206 2612 293 2665 statem
304 2614 416 2663 haberet:
434 2626 569 2685 curamque·
580 2608 681 2659 onmem
696 2624 788 2676 gereret
805 2609 958 2665 tabularum,
975 2611 1001 2657 δι
1014 2610 1087 2657 ratio·

205 2692 279 2735 num,
297 2694 349 2742 quae
359 2676 467 2741 undique
478 2674 508 2724 ab
519 2676 548 2722 irs
560 2674 603 2739 qui
614 2689 700 2739 operas
712 2676 817 2731 dabant,
833 2678 944 2722 Romam
960 2672 1087 2721 mitteren-¹

206 2746 252 2789 tur.
271 2742 318 2788 Hic
328 2740 497 2801 Promagisirum
507 2739 534 2786 iu
544 2737 671 2801 prouincia
682 2738 801 2795 habebat,
819 2733 853 2785 sui
864 2734 931 2801 quasr
940 2734 1089 2785 munerisvi·

207 2804 317 2861 carium,
341 2800 492 2853 &societati
507 2800 665 2866 praescitum,
687 2802 730 2867 qui
746 2802 822 2851 etiam
838 2800 942 2861 Magister
958 2797 1087 2849 dicebatur.-

206 2867 349 2981 Igomaqr'ssra
360 2877 448 2915 sautem
465 2866 615 2927 conjunstim
632 2864 737 2925 dicitur,
753 2878 780 2914 ut
791 2864 934 2924 Proeorrfisle,
952 2867 1088 2927 Propraetm.

234 2942 313 2980 otom.

240 3000 279 3043 66.
297 3000 323 3042 in
340 3012 385 3041 um
400 3006 488 3043 uenerat
497 2994 680 3053 familiaritatem
694 2992 901 3055 confitetudr'nemque
918 2990 942 3035 sn
957 2990 1091 3049 vendendis]

209 3058 272 3107 Met.
287 3056 364 3107 codex
374 3068 472 3107 tantum
483 3054 601 3114 habebat,
617 3070 705 3105 venem
714 3055 883 3117 consuetudinem
893 3052 956 3099 vend.
965 3054 991 3101 &
1003 3052 1090 3118 placet.

216 3174 224 3189 '
243 3190 281 3242 67,
300 3187 473 3248 Etfirr'pturas.]
487 3190 525 3234 lta
536 3182 636 3249 quidem
646 3181 706 3230 editi
727 3178 834 3229 sedl’all.
843 3180 938 3229 &Met
947 3182 1092 3242 scripturam

210 3248 312 3313 quod&
323 3250 401 3313 prima
410 3249 519 3298 editione
529 3247 634 3296 habebat
644 3243 777 3295 Lambinus
790 3279 797 3302 ,
818 3240 859 3293 sed
876 3241 964 3291 exinde
981 3243 1092 3291 mutavit.

212 3314 280 3359 Idem.
298 3313 417 3427 Scriptura
428 3313 525 3385 proprie
535 3310 659 3361 dicebatur
678 3304 873 3375 vestigat‚quod
885 3304 1036 3371 pendebatur'
1051 3316 1095 3371 pto

212 3369 305 3487 pascuis
319 3390 352 3442 pu
369 3376 443 3427 licis:
465 3380 530 3429 tuuc
540 3390 603 3441 petas
619 3376 765 3445 ascriptam,
781 3370 850 3439 quod
864 3370 891 3421 in
908 3369 960 3419 iilis
975 3368 1093 3436 pascebat.

236 3454 323 3494 favistis

975 3515 1015 3565 68.
1035 3511 1099 3575 Qu
