2258 3916
213 108 296 187 1562
483 64 889 180 invenerit·

212 208 309 267 omnia
321 208 417 287 populi
429 212 553 274 Romani
565 214 700 276 beneficia
712 214 913 287 dormientibus
926 214 1092 279 defentntur.

212 282 298 362 longe
313 286 365 347 alia
378 290 448 349 mihi
460 290 521 367 lege
534 294 565 349 in
578 293 631 352 bac
645 294 756 353 civitate
775 296 805 351 &
818 294 985 353 conditione
998 297 1092 355 viven-

211 358 282 420 dum
303 364 349 423 cst.
388 366 509 427 ”Venit
528 371 604 429 enim
623 371 694 428 milri
712 372 742 428 in
754 382 889 429 ¹rnentern
910 370 954 428 M.
963 371 1089 443 Catonis.

213 437 370 500 “hominis
383 443 580 521 sapientissimi:
599 448 648 524 qui
660 446 724 505 cunr
732 445 759 505 sc
771 447 889 515 virtute,
908 463 970 506 non
975 464 1088 523 genere,

209 515 317 600 populo
331 519 464 579 Romano
477 523 668 582 commendari
675 533 797 598 putaret,
817 521 944 598 ciunipsc
955 525 998 583 sui
1011 542 1087 601 gene·

209 606 247 649 ns
258 592 386 668 initium,
406 615 438 655 ac
450 600 588 668 nominis,
609 601 642 658 ab
655 601 683 658 se
700 600 776 676 gigni
791 600 821 659 &
834 604 983 676 propagari
994 602 1085 671 velletr
1126 639 1129 653 ·

208 663 360 730 hominum
374 675 624 749 potentissimorum
635 676 748 751 suscepit
767 676 939 746 inimicitias,
960 679 993 735 ὃ(
1006 679 1085 737 mari·

210 746 263 803 mis
276 750 304 807 in
325 750 461 809 laboribus
479 753 563 829 usque
578 754 613 811 ad
626 752 763 811 summam
776 751 965 823 seneeiutem‚
986 754 1083 815 summe

144 809 195 874 181
210 836 275 881 curn
288 823 375 900 gloria
385 828 463 886 vixit.
490 830 677 906 ttPollcaque
691 830 862 904 Pompeius,
888 829 992 889 humili
1010 842 1083 909 atque

140 961 147 974 ,
209 898 498 974 obscuroloconatus‚
518 923 614 965 nonne
645 906 748 963 lurimis
761 906 927 976 inimicitiis,
948 908 1082 967 maximit-
1125 946 1129 962 .

45 956 328 1053 ‘¹²l011bu2quemis
348 980 474 1056 periculis
504 982 605 1041 ⁵⁸acf
634 982 754 1040 oloribus
773 981 952 1057 ampliliimos
970 984 1082 1043 honoret
1125 1014 1129 1037 ·

45 1026 110 1078 Μ·
207 1051 398 1143 estaupptusc
417 1057 510 1116 nouo
525 1059 560 1117 u.
574 1057 739 1126 Fimbriam,
766 1058 954 1129 ortanum,
982 1061 1081 1119 cce
1126 1093 1129 1115 .

206 1130 276 1189 lium
289 1132 411 1193 vidimus
427 1151 486 1193 non
509 1134 693 1195 mediocribus
720 1134 870 1194 inimicitiis
900 1152 935 1193 ac
954 1136 1082 1196 laboribus

203 1208 389 1281 contendere,
409 1211 677 1270 utadistoshonores
688 1212 880 1285 pervenirent,
900 1212 936 1271 ad
951 1230 1081 1290 quos-vot
1128 1275 1129 1288 ¹

203 1300 253 1360 per
269 1284 367 1345 ludum
383 1290 413 1347 &
425 1306 475 1365 per
481 1289 675 1365 negligentiam
682 1288 848 1364 pervenistis.
868 1288 1081 1425 ⁵⁹Haeceadeffi

237 1497 249 1541 ς
254 1500 275 1541 5·
295 1488 357 1532 Vem'r
365 1487 423 1533 enim
432 1487 490 1533 mibi
500 1490 524 1535 in
534 1501 624 1535 mentem
635 1489 671 1535 M.
679 1487 784 1546 carrale]
815 1488 881 1535 Cato
894 1498 952 1535 cum
966 1488 1005 1537 Sei
1024 1486 1081 1537 ioni-

202 1541 249 1595 bus
260 1546 379 1597 ambobus
391 1547 512 1598 Africanis
523 1584 531 1607 ,
553 1565 609 1599 eum
620 1555 651 1597 T.
664 1548 788 1597 Flaminio
799 1547 953 1599 debellatore
964 1502 1080 1617 rurippi,

202 1612 341 1721 aemomni
353 1610 520 1662 nobilitatem
533 1612 629 1663 censura
641 1612 781 1660 inimicitias
792 1611 872 1677 geffit.
891 1614 1019 1665 Nunnius.
1038 1622 1081 1665 Ver·

233 1688 274 1792 bgo.
292 1740 393 1787 Hominis
398 1742 568 1805 mirrensium]
588 1746 618 1789 ln
628 1737 792 1805 manuscripto
807 1738 861 1805 post
871 1738 923 1789 bac
934 1740 1012 1793 verba
1022 1742 1083 1793 addi·

202 1809 258 1848 tum
269 1800 303 1849 est
313 1805 339 1855 Θ·
352 1805 521 1867 vrgr'lamr'ffimi.
538 1804 617 1853 Urfin·

237 1880 274 1921 57.
292 1866 406 1932 Posteaqm
415 1875 468 1917 Pom
481 1875 527 1921 eius
537 1871 690 1933 humidaeque
701 1869 782 1929 obscuro
798 1868 840 1914 loco
852 1874 938 1929 ωιτη]
969 1876 1006 1939 Q
1019 1876 1083 1921 Pom·

201 1929 286 2039 §eitun
296 1929 390 1979 Rufirm
404 1882 542 1999 intelbigit,
564 1932 607 1996 qui
622 1928 707 1979 consul
721 1928 768 1979 fuit
787 1944 853 1980 anno
864 1946 949 1983 ncxrr.
970 1948 1030 1985 cum
1040 1939 1081 1985 Cn.

218 1992 304 2041 ervilio
317 1995 447 2058 Cepione,
465 2010 539 2061 quern
550 1994 680 2044 hominem
692 2009 785 2043 novum
802 1993 909 2059 appellat
927 1996 954 2044 in
969 2000 1083 2047 Fonteia-

202 2068 250 2110 na,
268 2054 306 2105 his
316 2058 408 2105 vernis:
427 2065 462 2107 οι.
474 2062 500 2111 <¹5
511 2062 550 2122 Q
558 2061 684 2123 capionilms
695 2063 722 2107 L.
736 2060 762 2111 dy
768 2060 910 2122 QMerellis
921 2060 1014 2120 restibus
1023 2066 1084 2129 ἐπὶ.

202 2122 326 2181 Pompeium
337 2123 443 2167 bominem
454 2140 535 2170 novum
544 2141 585 2169 nm
595 2124 728 2169 crediderunt
740 2156 748 2178 ,
769 2123 795 2169 &
806 2134 851 2185 pro
862 2124 891 2169 L.
899 2125 1010 2173 Murena
1022 2142 1030 2175 ς
1046 2134 1081 2175 Νι

200 2184 260 2227 mihi
268 2200 364 2247 unquam
373 2187 445 2231 minus
457 2188 481 2232 in
492 2190 628 2251 Ql’ompejo
639 2204 692 2233 navo
704 2188 835 2243 hominm&
842 2186 961 2246 sorciffimo
973 2194 1028 2237 vim
1038 2193 1097 2237 vim·

200 2248 258 2291 tutis
267 2265 278 2292 e
293 2249 387 2307 evificm
397 2247 438 2307 est,
454 2265 520 2313 quam
532 2253 555 2296 in
565 2252 650 2296 bomine
659 2248 783 2311 nobiliffimo
794 2251 831 2296 M.
839 2252 945 2298 ‹AEmr'lr'o
957 2252 1007 2303 dre.
1039 2258 1082 2303 lte·

221 2322 251 2355 ue
279 2309 422 2359 ubitandum
433 2326 485 2361 non
496 2312 544 2369 est,
561 2312 691 2381 quin-pro,
705 2312 815 2385 posteaque
825 2315 938 2375 Pompejus
953 2313 987 2363 srt
1004 2317 1081 2383 legen·

267 2376 502 2439 ,posteeQPompejus
509 2395 516 2423 .·
524 2382 600 2443 quani
609 2374 743 2425 lestionem
754 2389 830 2423 miror
840 2389 881 2423 cur
891 2378 1006 2437 rejecerit
1013 2384 1080 2429 Lam·

199 2433 285 2495 binus,
301 2437 431 2505 presertim
441 2454 497 2489 cum
507 2452 616 2489 veterum
628 2453 727 2512 quoque
739 2437 852 2486 codicum
863 2440 1014 2491 austeritate
1024 2458 1078 2493 con·

199 2496 317 2552 firmetur.
334 2502 433 2561 vrssnus.
450 2505 554 2569 Recepit
565 2506 724 2551 hidruntino
735 2502 1015 2559 merito,&estiucod.
1022 2512 1079 2573 Μ.
1110 2508 1113 2539 ῑ

197 2566 273 2615 cuv.
1109 2584 1112 2589 '

233 2638 270 2685 58.
289 2634 330 2675 „Ac
339 2630 468 2687 doloribus]
484 2628 582 2679 Occisus
593 2628 695 2696 quidem
705 2628 746 2679 hic
756 2636 790 2693 Q
800 2630 930 2693 Pompeius
948 2632 978 2681 in
990 2632 1080 2683 Consu·
1109 2646 1112 2675 i

199 2690 253 2739 latu
264 2690 325 2747 fuit,
342 2706 401 2740 narn
418 2694 511 2741 milites
528 2695 600 2743 illum
617 2690 748 2743 sacrificare
764 2692 925 2757 incipientem
941 2695 970 2744 in
981 2698 1079 2747 modurn
1109 2704 1113 2714 ’

199 2751 283 2801 hostia:
297 2755 474 2805 multaverunt.
506 2757 551 2806 Sed
562 2757 610 2806 hoc
626 2756 689 2805 nihil
707 2758 738 2806 ad
754 2755 877 2805 bonorum
895 2762 1079 2811 contentionem

198 2818 312 2882 pertinet.
330 2816 469 2869 Videndum
479 2820 553 2886 igitur
564 2820 651 2887 ecquid
662 2822 769 2868 laboribus
779 2820 866 2869 rectius
877 2820 1026 2886 legeremus.
1038 2830 1079 2873 Ho-

198 2894 253 2933 rom.
293 2885 445 2949 Maximsfque
456 2886 505 2943 suis
518 2890 622 2947 periculis
644 2901 668 2930 ac
683 2886 805 2940 doloribus,
831 2882 865 2931 est
880 2885 1078 2937 inveteribusli·

198 2944 262 3002 bris,
279 2948 305 2995 dc
317 2945 416 2995 fortasse
427 2963 479 2996 non
491 2950 570 2997 male:
583 2948 696 3015 quamvis
705 2948 825 2997 recentior
836 2947 912 2997 lectio
923 2952 1033 3017 laboribus
1042 2952 1077 2999 ni·

199 3021 266 3058 catur
282 3010 398 3076 exemplo
415 3008 535 3077 superiore
556 3016 582 3062 δι
599 3011 721 3061 inferiore.
761 3011 871 3075 Antiqua
887 3012 965 3063 lectio
983 3012 1077 3065 defendi
1118 2986 1123 3053 Ι

198 3073 278 3136 potest
295 3090 351 3122 cum
366 3075 490 3124 varietatis
506 3089 675 3132 ornamento,
696 3087 750 3123 tum
765 3074 834 3139 quod
845 3075 872 3122 in
892 3077 1009 3139 periculis
1023 3076 1078 3127 ines
1121 3108 1124 3135 r

198 3149 293 3193 metus,
311 3141 337 3187 ὅ(
349 3153 404 3187 curn
421 3152 488 3188 metu
505 3139 576 3188 labor
591 3141 651 3189 mali
669 3137 782 3187 vitandi:
804 3140 832 3185 in
846 3139 916 3187 malo
933 3152 1017 3191 autem
1031 3140 1079 3208 ipso

199 3199 260 3247 inest
273 3201 358 3258 dolor,
376 3218 450 3267 quem
462 3219 513 3252 non
525 3205 618 3267 semper
627 3205 703 3251 vitare
714 3200 812 3266 possunt
824 3202 958 3252 ambitiosi.
980 3210 1077 3266 vrfinus.

199 3261 261 3310 vide
279 3267 419 3314 Minucium
437 3268 521 3315 multis
537 3267 737 3316 emendationem
754 3266 910 3314 Hotomanni
931 3266 1080 3319 adserentem

198 3331 333 3398 exemplis,
351 3331 376 3378 &
390 3346 445 3379 cum
462 3346 518 3380 eam
533 3332 662 3396 repererim
679 3330 705 3378 in
721 3328 786 3381 cod.
799 3334 861 3394 Reg.
879 3330 964 3380 nullus
975 3333 1081 3383 dubitaui

199 3402 311 3453 recipere.
329 3398 403 3442 Grau.

233 3469 270 3510 59.
288 3461 337 3504 Hac
347 3461 419 3506 cadem
428 3458 457 3518 est
468 3458 538 3519 nostra
548 3462 640 3511 rationis
653 3462 708 3525 regio
721 3459 747 3512 θ
758 3460 820 3519 vim]
841 3462 879 3513 Ita
889 3458 983 3527 legitur
995 3462 1023 3511 in
1035 3460 1085 3511 vul·

57 3525 185 3660 «r
