2258 3916
238 174 427 242 Lrnttt
469 158 772 258 Quintus(
867 188 946 263 1537

60 280 170 342 ruffum
177 278 259 353 dico,
278 282 398 342 versatur
405 277 474 340 mihi
487 290 551 339 ante
565 278 663 341 oculos
672 274 818 355 indignitas
831 276 945 357 calamia,

61 362 132 418 tatis.

99 437 223 495 XLVII.
247 436 440 495 Eonorarar
463 432 631 513 populorum
652 435 751 502 cives,
785 442 942 495 ‘eorumne

61 513 344 644 airorumaiumnos,
364 510 502 588 exquibus
509 506 942 586 maximavisfrunientiquotan·

11 646 15 667 ,
62 603 80 644 n
124 588 196 664 plebi
222 590 376 657 Romanae,
396 587 506 646 iliorum
527 589 617 663 operis
634 596 667 644 ac
687 584 822 645 laboribus
841 586 943 664 quaeri·

62 673 122 733 tur,
141 663 212 741 quid
220 665 390 740 parentibus,
409 663 454 739 spe
466 662 550 721 nostri
563 662 672 738 imperii
683 661 840 738 noiiraeque
854 663 942 749 aequi·

62 740 147 808 tatis,
180 740 291 816 suscepti
311 740 473 817 educatique
492 738 570 817 sunt,
590 738 626 798 ad
646 738 681 797 C.
694 738 788 796 Verris
806 738 941 797 nefariam

62 814 285 886 immanitatem,
305 815 376 875 &ad
383 816 440 893 ejus
452 814 575 874 securem
590 814 724 873 funestam
738 810 791 873 effe
804 813 942 887 serratos?

63 890 138 949 Cum
154 892 223 950 mihi
238 892 422 979 Tyndaritani
434 891 502 950 iliius
515 890 637 949 venitin
650 900 792 961 mentem,
813 889 877 950 cunr
892 890 940 949 Se·
953 882 1007 938 ¹²⁴

11 968 13 973 '
60 966 181 1042 gestani,
200 980 327 1045 tumJura
344 968 423 1027 simul
437 968 580 1026 civitatum
599 965 940 1044 atqueofficiaconiidero.

11 1108 14 1127 ι
60 1044 213 1119 quasurbes
226 1044 256 1102 P.
263 1045 409 1103 Africanus
416 1045 499 1102 etism
507 1042 642 1101 ornandas
654 1040 708 1102 eise
719 1041 808 1119 spoliis
818 1040 940 1101 hostium

11 1132 13 1145 ·
60 1120 201 1201 arbitratus
215 1120 269 1190 est,
289 1138 333 1179 eas
347 1120 559 1178 C.Verresn0n
578 1118 666 1178 solum
685 1118 734 1177 illis
756 1118 941 1190 ornamentis,

63 1194 201 1254 sedetiam
209 1194 665 1255 virisnobiliffimisnefarioscelere
689 1194 795 1255 riravit.
812 1188 942 1273 Enquod

63 1270 251 1348 Tyndaritani
257 1271 542 1350 libenterpraedicent:
563 1272 618 1329 Nos
628 1212 835 1349 inssptemdecim
847 1271 943 1363 populis
953 1256 1098 1312 mem

64 1348 150 1405 Sicilie
163 1368 348 1407 numeramur.-
370 1348 556 1425 nossemperin
574 1348 691 1405 omnibus
711 1346 813 1406 Punicis
836 1348 947 1407 siedren-

59 1421 181 1504 fibusqus
191 1425 259 1482 bellis
273 1426 416 1484 amicitiam
431 1423 558 1503 fidemque
572 1424 658 1501 popuii
676 1424 787 1483 Romani
800 1426 884 1500 secuti
893 1427 945 1500 fis-

68 1519 144 1559 mus:
165 1501 184 1557 ὰ
197 1502 266 1559 nobis
278 1503 364 1560 omnia
374 1501 461 1579 populo
474 1508 587 1558 nomam
592 1500 690 1579 semper
701 1520 735 1566 σ
746 1500 803 1558 buu
810 1500 945 1577 adjumen-

66 1593 114 1645 ta,
135 1598 169 1640 <y
185 1579 270 1655 opacis
282 1576 703 1649 ornamentaadmt'nistratalunt.
738 1574 862 1637 Multum
874 1577 945 1638 verb

65 1653 130 1711 haec
137 1653 177 1711 his
180 1654 191 1729 j
195 1672 242 1712 ura
250 1657 412 1730 profuerunt
418 1656 447 1713 in
460 1653 531 1712 istius
544 1654 663 1728 imperio
681 1671 714 1713 ac
724 1654 867 1731 potestate.

106 1730 571 1808 Vestrosquondamnautascontra
584 1728 683 1789 Cartha
704 1730 830 1791 'nemSci
851 1722 1008 1791 'odo-125

64 1808 115 1864 xit.
128 1818 155 1864 at
167 1825 240 1866 nunc
254 1826 337 1866 naves
351 1818 445 1866 contra
459 1805 604 1882 praedones
618 1820 681 1882 paen
711 1807 806 1865 inanes
846 1823 944 1869 eome-

65 1900 117 1941 nes
131 1882 214 1940 ducit.
234 1882 385 1943 Vobiscum
392 1882 537 1942 Aiiicanus
549 1880 670 1939 hostium
683 1880 767 1957 spolia
785 1883 946 1958 &praemia

67 1958 155 2017 laudis
163 1960 390 2018 communicavit.
410 1952 752 2033 atnuncpermespoliati,
772 1956 946 2034 navedprae·

67 2035 187 2094 donibus
200 2035 315 2094 abdudia
330 2079 339 2105 ,
366 2035 414 2111 ipfi
429 2035 478 2092 ⁷in
490 2033 610 2093 hostium
623 2050 743 2092 numero
760 2032 881 2113 iocoque
895 2033 947 2095 du-

70 2112 183 2170 cemini.
202 2112 279 2186 Quid
292 2110 382 2169 vero?
400 2111 445 2169 illa
458 2106 665 2186 Segestanorum
678 2126 739 2169 non
751 2109 840 2169 solum
851 2109 948 2169 litteris

67 2188 182 2257 tradita,
202 2205 294 2265 neque
307 2198 529 2247 commemorata
539 2186 629 2245 verbis
642 2228 652 2256 ‚
677 2185 730 2245 sed·
743 2187 835 2245 multis
848 2186 948 2246 officiis

67 2264 179 2323 illorum
192 2265 316 2339 usurpata
336 2266 366 2322 &
380 2263 559 2339 comprobata·
573 2262 722 2338 cognatio,
739 2264 809 2338 q'uos
827 2262 946 2322 tandem

69 2338 288 2416 frustushujusce
301 2337 611 2399 neceffitudinisinistius
624 2338 742 2412 imperio
753 2336 835 2396 tulit?
855 2339 947 2396 Nem·

90 2415 308 2491 ehocfuitjure,
324 2417 448 2492 judices,
462 2411 948 2489 utexfinupatrisnobiiiffimusado·

67 2435 188 2561 fescens,
208 2492 417 2568 &deompleru
424 2493 515 2550 matris
522 2501 628 2565 ereptus
634 2489 767 2548 innocens
773 2488 860 2559 filius,
873 2488 947 2548 istius

72 2568 193 2628 camifici
207 2568 292 2628 Sestio
306 2568 458 2628 dederetur.
477 2568 532 2625 Cui
544 2566 648 2625 civitati
661 2565 779 2641 majores
790 2558 874 2625 nostri
888 2575 950 2624 ma-

70 2645 190 2705 ximosa
223 2661 254 2703 os
272 2657 354 2720 atque
377 2663 396 2703 o
415 2645 501 2702 timos
525 2638 727 2701 concederunt:
747 2659 830 2719 quam
845 2643 951 2701 immu-

72 2738 172 2782 neme
193 2720 378 2779 evoiuetunt:
397 2662 459 2779 Eaec
465 2731 540 2778 tanta
547 2716 620 2794 apud
632 2729 661 2778 te
676 2715 951 2806 cognationisefide·

855 2794 952 2866 litans.

104 2953 127 2994 5.
144 2940 252 2986 Eorumne
260 2954 360 3002 agrem
371 2941 487 2998 aimon]
515 2938 622 2987 Primiam
633 2936 683 2985 hae
694 2940 749 2986 vox
760 2934 844 2986 viiitur
854 2931 902 2982 hoc
912 2934 953 2982 io·

71 3014 111 3050 co.
128 2999 244 3049 hastenus
255 3004 323 3052 enirn
333 3003 406 3062 editi,
422 3020 467 3063 arr.
479 3005 573 3057 colonos,
589 3000 645 3049 satis
656 2998 749 3050 rustice.
771 2998 879 3047 nostrum
889 2997 953 3046 illud

72 3065 159 3113 nititur
169 3064 218 3113 fide
229 3066 395 3117 palatinorum
411 3065 521 3116 duorum
555 3063 595 3113 ied
613 3067 638 3113 dr
655 3063 734 3111 ailufit
752 3062 911 3124 cujacianur,
927 3060 955 3111 in

72 3142 124 3193 quo
136 3131 235 3176 alannus.
254 3133 324 3179 Gnit.

105 3200 128 3240 6.
148 3195 211 3238 Pacis
222 3209 344 3241 ornamenta
354 3194 526 3254 administratas]
542 3192 641 3240 Redditus
654 3189 709 3238 cod⁴
723 3190 829 3251 Regius!
842 3190 903 3252 pacis
919 3204 957 3236 er·

73 3269 174 3302 namenra
184 3257 315 3317 ministrata.
333 3255 380 3305 hod
392 3255 444 3312 est,
463 3255 534 3312 darn,
551 3253 734 3303 subministrata.
757 3259 787 3302 ln
798 3248 878 3301 Pison.
902 3258 955 3299 cnm

73 3321 171 3365 ardentes
179 3319 239 3378 faces
244 3321 318 3380 furiis
330 3321 438 3369 Clodianis
446 3330 496 3382 pene
508 3319 551 3380 ipse
561 3320 635 3378 consid
644 3318 787 3375 ministrabas.
806 3318 884 3365 (ἔην.

107 3394 130 3437 7.
149 3381 371 3441 Inhestiumnumero
387 3383 608 3446 iocoqueduemr'ni.]
639 3380 736 3428 Ultimo
757 3378 875 3444 supplicio
901 3374 970 3427 iifl-⁴

75 3444 184 3493 ciernini.
203 3443 228 3491 id
237 3447 305 3496 enim
315 3446 349 3496 eii
360 3445 465 3495 hostium
475 3457 578 3492 numero
589 3443 682 3493 ducere.
700 3440 782 3508 suptar
798 3443 828 3493 δι’
836 3442 956 3509 quiscum

75 3522 114 3559 aur
124 3509 228 3603 deformet
239 3511 399 3574 transtrorum
409 3526 498 3626 numerg
507 3542 524 3625 ‚t
530 3510 597 3626 {⁸:1¹²
614 3511 743 3563 Mittitur.
867 3571 890 3616 ι
906 3564 961 3629 Q
