2258 3916
206 112 288 197 1558
463 110 860 180 InVunnunt'

46 301 71 351 ι.
79 307 181 351 0012...
202 208 597 378 nutritiorum
607 212 1091 378 irretiriir‘rninurnr

204 364 407 441 modouotest..
419 365 593 426 Nonfuithrs
600 367 730 427 omnibus
736 367 785 425 rste
791 378 948 429 contentus.
968 365 1090 443 succiet,

203 443 312 518 inquit,
330 444 470 519 patriam:
505 444 534 502 in
548 443 697 519 conspeetu
717 443 812 521 legunt
830 443 1016 521 libertatisque
1030 456 1094 501 mo·

204 519 297 579 riatur.
317 520 424 579 Nontu
436 519 571 578 hocloco
586 521 727 590 Gavium,
746 538 806 580 non
819 538 909 579 unum
918 520 1073 579 'hominem
1080 556 1091 587 ,

204 596 409 674 nescioquem,
428 596 520 657 civem
528 598 708 665 Romanurn,
727 596 774 657 sed
786 606 972 656 communem
986 596 1093 655 libent-

204 672 239 731 tis
257 674 288 731 δε
301 674 418 731 civitatis
431 673 540 732 causam
555 674 584 731 in
597 673 674 735 illurn
688 675 841 733 cruciatum
861 674 892 733 δι
907 689 1023 732 crucem
1038 672 1092 747 egi·

204 747 248 811 stit
263 750 327 822 Jum
341 750 410 809 vero
423 750 516 808 ridete
528 750 652 809 hominis
663 749 818 812 audaciam·
838 750 945 809 Nonne
957 766 1027 807 eum
1033 764 1090 823 gru·

207 825 281 883 viter
292 824 380 887 tuliffe
386 825 572 912 arbitramini,
589 824 868 915 quoodillamlcivibus
881 826 1100 913 Romanitcru

208 900 1091 1057 muniminiinuruntur}{iiiiii

208 1051 403 1125 stmiilimum,
429 1056 543 1132 regione
554 1058 715 1133 proximum
729 1059 842 1133 potuit,
867 1055 958 1132 elegit.
991 1069 1093 1113 monu-

210 1142 341 1189 mentum
354 1131 458 1191 steleris
476 1133 655 1212 audaciaeque
667 1132 722 1191 suae
734 1132 825 1191 voluit
831 1129 885 1191 effe
899 1132 929 1190 in
943 1128 1090 1207 conspecu

208 1202 313 1277 Iteiiae,
333 1207 465 1268 vestibulo
480 1209 602 1281 Siciliae,
628 1209 859 1288 praetetveciione
877 1209 1028 1277 omniurn,
1046 1204 1093 1283 qui

211 1281 284 1341 uitro
297 1284 423 1361 citroque
435 1287 604 1363 navigarent.
1057 1320 1059 1329 ·

149 1368 200 1426 171
251 1360 373 1421 LXVII.
391 1362 427 1420 Sr
448 1381 499 1421 nn
509 1382 529 1423 c
542 1362 643 1423 nonad
656 1364 731 1422 circs
743 1363 905 1431 Romanor,
925 1377 987 1420 non
1000 1360 1037 1421 ad
1048 1358 1095 1417 eli·

212 1439 395 1511 quoramicos
407 1439 645 1510 nostraeciviratis,
664 1438 765 1498 nonad
778 1454 843 1508 eos,
862 1440 911 1515 qui
925 1437 1023 1514 populi
1036 1437 1095 1494 Ro·

213 1514 403 1573 muninornen
416 1513 569 1589 audirent,
584 1516 721 1593 denique,
741 1514 825 1573 iinon
838 1514 1028 1584 adhornines,
1046 1528 1096 1571 ve-

213 1585 276 1646 ritur
290 1589 325 1649 ad
340 1590 448 1660 bestiam
469 1592 638 1663 auretium,
658 1603 689 1651 ut
708 1591 816 1666 longius
834 1590 1012 1667 progrediar,-
1031 1588 1095 1649 fiin

214 1663 305 1741 tliqtu
317 1665 490 1728 desertiffima
502 1669 663 1738 solitudine,
683 1666 801 1734 adserta,
821 1666 1095 1742 &adscopuloshaec

214 1744 348 1819 conqueri
373 1746 404 1804 &
423 1745 566 1824 deplorare
583 1745 708 1805 velient:
741 1754 838 1803 tamen
858 1743 955 1801 omnia
978 1752 1004 1789 ‘¹
1016 1753 1095 1801 mutu

54 1819 440 1945 :efflwqoemim
458 1822 534 1885 tanti
548 1823 583 1885 -δι
603 1833 662 1885 tarn
683 1819 795 1903 indigni
815 1836 908 1884 rerum
929 1821 1097 1956 vttroccigaltle

224 2096 227 2101 .
245 2068 285 2108 so.
301 2026 368 2114 ,Quod
378 2057 436 2100 enim
445 2057 480 2101 hir
490 2056 541 2101 ioer'r
553 2056 577 2100 r'n
586 2054 702 2164 {ernincia
712 2053 770 2113 sue,
786 2051 843 2111 ire]
869 2051 948 2099 Miror
964 2062 1007 2097 cur
1023 2051 1099 2097 Lam·

214 2114 285 2162 binus
296 2116 364 2165 libris
376 2116 504 2173 omnibus,
521 2129 547 2164 ut
559 2118 584 2180 ip
610 2127 660 2165 met
670 2114 767 2180 prodit,
784 2114 882 2173 invitis,
899 2110 1037 2178 repoiitunr¹
1045 2114 1097 2159 ive·

214 2176 261 2233 tit,
278 2196 341 2243 quem
351 2184 408 2226 enim
419 2183 487 2239 locum
499 2182 523 2227 in
531 2183 647 2241 provincia
653 2182 711 2240 [ηας
728 2178 784 2228 cium
795 2179 870 2227 1εᾶἰο
880 2192 934 2229 rece
952 2190 978 2229 ta
990 2173 1097 2231 sursise

215 2240 284 2289 ciera
294 2240 323 2292 iit
335 2244 360 2292 ic
373 2254 465 2308 arguta.
481 2242 584 2291 mallem
594 2254 679 2303 tamen
690 2238 767 2290 abeffe
778 2240 840 2291 illud
851 2245 916 2290 em'm.
961 2253 1008 2289 rut.
1056 2244 1097 2287 Le·

182 2314 184 2319 “
215 2320 265 2350 eum
275 2318 368 2357 veteres
379 2316 478 2372 quoqne
488 2301 573 2354 dirriss'e
585 2318 612 2355 ut
622 2309 668 2353 ioca
678 2304 784 2354 ostendit
795 2302 890 2355 vossius
903 2320 924 2355 r.
942 2302 974 2352 de
986 2302 1095 2371 Analog.

216 2383 257 2424 ³7·
269 2384 299 2419 ex
311 2371 426 2435 Varronis
438 2385 507 2420 vrtr.
520 2369 776 2423 RerumDivinarunr:
784 2372 847 2417 Sicut
857 2372 940 2424 locum,
957 2371 983 2415 in
993 2384 1037 2432 quo
1043 2368 1098 2431 fige·

215 2450 239 2480 re
249 2436 371 2493 candelam,
387 2436 534 2483 candelabrum
551 2436 688 2499 appelletur,
706 2436 739 2481 ita
751 2437 774 2480 in
789 2450 831 2497 quo
847 2430 910 2479 deum
921 2444 1024 2495 ponerent
1039 2432 1099 2477 dere*

215 2499 285 2547 irum.
302 2498 401 2563 Legitur
411 2494 460 2547 ho'c
469 2496 507 2547 fra
551 2510 636 2547 eurum
648 2495 711 2561 apud
723 2493 834 2546 Macrob.
847 2498 940 2551 saturn,
954 2510 1010 2551 111,
1022 2514 1046 2553 4·
1063 2492 1098 2543 si·

218 2561 286 2611 milit
298 2562 392 2611 locutio
404 2562 430 2611 in
441 2556 487 2609 illo
523 2562 626 2611 icetonis
637 2574 677 2611 xv.
691 2575 729 2625 ep.
741 2561 786 2609 ult.
803 2562 844 2607 lile
854 2561 904 2606 iero
915 2572 935 2606 re
943 2561 1099 2622 putabatque·

211 2628 321 2687 fiturum,
338 2642 405 2674 renum
420 2628 495 2672 carlum
510 2626 556 2686 effer
571 2642 601 2673 an
617 2625 792 2672 innumerabilia.
826 2636 854 2671 uc
871 2620 1021 2671 fidicetetur
1037 2624 1095 2669 ceeia.

216 2695 293 2737 Greo.
314 2689 392 2738 neue
404 2687 505 2751 quidem
515 2686 609 2737 voifius
621 2688 635 2737 ὲ
647 2692 756 2740 Varrone
766 2688 834 2734 iocum
846 2684 896 2735 dici
906 2684 1097 2743 documento

215 2753 354 2801 {varrone
363 2765 417 2798 non
429 2752 442 2799 i
454 2751 583 2811 Cicerone.
616 2751 697 2799 Sciunt
714 2749 802 2799 erudiri
820 2749 869 2797 alia
884 2748 997 2815 quedam
1013 2749 1100 2799 similis

218 2814 302 2865 farine
314 2814 378 2879 apud
390 2819 524 2877 Varronem
535 2814 647 2878 reperiri,
659 2829 711 2880 quae
723 2829 775 2862 non
786 2812 858 2861 facile
868 2810 1027 2863 inveniuntur
1038 2810 1100 2877 apud

219 2882 368 2937 Ciceronem
379 2892 424 2945 nec
435 2872 498 2943 apud
510 2877 572 2926 aiios
583 2876 689 2945 probate
699 2876 758 2926 fidei
769 2872 904 2949 scriptores.
933 2876 1000 2943 Quid
1010 2878 1097 2942 igitur!

218 2958 250 2993 an
262 2944 394 3009 legendum
406 2940 511 3008 estquem
528 2956 583 2989 cunr
601 2940 741 2991 Lambino?
762 2941 1001 3004 mimmegentiunr.
1036 2943 1100 3005 Qui

220 3007 327 3075 pontum
338 3008 371 3057 est
383 3003 539 3064 substantive,
556 3004 623 3071 quasi
640 3004 728 3055 dixerit
746 3004 835 3052 Cicero
853 3007 954 3053 Verrem
972 3004 1098 3070 quodcun-

220 3088 282 3138 que,
299 3072 338 3121 cui
350 3066 521 3119 nomtn‘suum
531 3084 623 3135 ponere
633 3080 717 3118 orator
733 3082 784 3115 uon
795 3067 862 3123 vult,
879 3066 992 3133 elegisse,
1008 3067 1059 3118 five
1069 3070 1099 3119 il·

219 3136 263 3185 lud
274 3151 348 3186 mons
359 3133 431 3183 fuerit
442 3132 491 3182 five
501 3132 707 3199 promontorium.
741 3129 815 3186 Vide,
824 3143 917 3243 'grueter
933 3131 1060 3181 sanstium
1074 3134 1099 3181 in

222 3199 336 3254 Minerva
347 3202 373 3252 δι
383 3196 496 3248 Ursinum
507 3202 533 3248 iu
544 3197 621 3247 Instit.
636 3195 791 3245 Gronovium
801 3197 831 3245 ur
849 3231 856 3245 .
867 3200 911 3245 111.
931 3192 1032 3245 observ.
1045 3211 1065 3246 c.
1079 3213 1100 3247 2.

225 3265 324 3312 Verbur.
867 3290 869 3295 ι

256 3341 293 3379 ςι.
300 3281 377 3374 ἐςΜιιτα
387 3342 450 3387 arque
462 3329 582 3384 inanime]
603 3325 688 3375 Resti.
705 3322 816 3372 videatur
826 3323 918 3371 anticus
928 3323 1011 3373 noster
1022 3321 1104 3373 Piche·

224 3403 270 3447 na,
288 3392 368 3438 Taciti
380 3389 507 3454 sospitator
518 3389 571 3455 post
582 3387 691 3454 Lipiium
700 3388 773 3443 unico
784 3387 864 3453 magis
875 3387 973 3446 uuicut,
990 3386 1102 3438 Norrsad

222 3452 313 3509 librum
325 3458 345 3505 1.
358 3454 418 3505 Hist.
432 3468 483 3524 cap.
493 3464 530 3516 84.
549 3458 639 3508 Gruter,

1006 3536 1044 3581 52.
1060 3528 1106 3571 Nee
