2258 3916
565 45 583 82 1
1091 40 1099 85 i

210 127 291 213 1482
331 127 379 193 In
401 127 592 196 Ventrem
614 125 753 195 Lrnrn
773 124 1006 210 Qunnrus.
1094 90 1101 157 ξ

207 251 378 311 poenamque
384 232 552 296 recitaffem:
572 234 724 295 tabularum
731 231 801 293 mihi
814 231 932 308 potestas
945 230 1019 295 ἰιᾶι
1031 247 1083 297 not
1120 298 1125 312 ,

207 306 280 371 effer.
301 309 349 369 Ille
357 322 450 371 autem
458 311 578 371 insanus:
598 313 646 389 qui
652 328 704 388 pro
711 308 761 370 isto
768 321 865 368 contra
877 308 1082 369 mevehemen·

206 383 306 445 tiffime
318 385 506 457 declamaffet,
563 385 669 466 nquam
684 404 743 447 non
750 386 790 445 im
810 387 920 445 erravit:
942 384 1045 455 credo,
1057 395 1084 447 ut

206 462 358 538 ingratiam
366 479 514 524 mecumre
537 468 600 535 'et,
618 463 740 523 libellum
780 462 786 473 '
810 460 885 531 'dat,
899 461 929 521 in
942 479 1004 538 quo
1016 461 1085 531 istiu
1106 494 1109 507 =

207 540 280 599 furta
294 539 458 616 Syracusana
472 541 616 617 perscripta
630 551 722 600 erant:
742 554 807 616 quae
817 555 873 617 ego
887 549 970 597 antea
978 537 1041 614 jam
1054 536 1084 599 ab

207 614 631 692 illiscognoram&acceperam.
1118 654 1122 681 ι

149 714 203 775 ιςο
247 692 367 751 LXVII.
385 694 576 753 Lnunerrr
595 705 623 752 te
635 690 697 752 sane
706 692 767 768 jam
785 690 966 760 Mamertini,
984 693 1036 769 qui
1054 708 1084 751 ex

54 787 141 832 :tota
209 779 300 827 *tanta
306 770 448 844 provincia
461 769 509 830 soli
523 770 599 839 sunt,
618 765 918 846 quitesnlvumvelint:
939 767 979 826 ita
992 781 1084 835 tamen
1122 780 1125 835 ζ

55 845 131 891 temt.
207 843 335 914 laudent,
354 847 496 922 utHejus,
516 847 626 924 quiejus
633 846 757 922 princeps
768 843 912 920 legationis
924 843 981 914 est,
1000 842 1082 922 adfita
1123 874 1125 879 .

208 921 245 980 ita
259 921 387 991 laudent,
407 935 436 981 ut
442 923 477 982 ad
491 941 539 992 ea,
559 939 624 1000 quae
637 922 724 998 rogati
737 932 833 990 erunt,
852 920 922 979 mihi
936 922 1027 995 parati
1038 921 1085 989 int

208 997 380 1073 respondere.
398 998 600 1059 Aenesubitoa
609 1000 655 1056 me
668 999 873 1074 opprimantur,
892 996 956 1063 haec
968 996 1031 1057 sum
1044 1016 1085 1061 ro·
1118 1006 1122 1025 ¹

54 1076 72 1130 s
78 1093 125 1145 pop.
136 1085 202 1145 tum.
210 1087 318 1150 gaturus
333 1094 340 1132 ε
379 1084 484 1135 Navem
500 1075 604 1152 spopuio
616 1084 729 1133 nomano
739 1073 900 1133 debeantnat
920 1073 1084 1139 fatebuntur,

54 1141 204 1194 ¹¹⁰1¹¹¹²b⁸¹¹¹
207 1151 402 1226 prebuerintne,
416 1165 521 1228 putare
531 1160 564 1210 C.
576 1160 674 1210 Verre?
694 1149 840 1227 negabunt.
876 1147 1085 1223 edificavet-inm
1121 1172 1124 1181 ·

56 1207 134 1274 ‘lm
145 1207 200 1256 edd.
210 1246 305 1284 navem
316 1228 459 1285 onerariam
472 1228 617 1287 maximam
623 1227 739 1304 publice,
757 1246 836 1305 quem
855 1228 928 1285 Verri
942 1226 1085 1289 dederam
1122 1238 1125 1243 '

210 1320 310 1379 negare
323 1320 382 1363 non
392 1316 530 1380 poterunt.
541 1308 741 1377 frumentumne
750 1301 783 1361 ab
796 1301 980 1379 hissumpseria
991 1311 1086 1375 Vm.
1117 1332 1125 1365 r

54 1393 82 1444 1.
89 1402 200 1440 ccxxxv.
210 1380 280 1459 quod
288 1379 374 1457 populo
388 1389 502 1440 Romano
515 1380 648 1449 mitteret,
661 1377 740 1456 ficati
750 1377 886 1457 superiores
899 1393 915 1438 3-
937 1381 1086 1455 negabunt,
1123 1424 1125 1429 .

229 1457 275 1516 uid
285 1456 416 1524 militum,
435 1472 483 1515 aut
493 1473 636 1515 nautarum
644 1471 690 1533 per
701 1457 839 1515 triennium
854 1454 999 1524 dederint?
1026 1456 1084 1517 uui·

211 1479 271 1595 ium
284 1532 379 1591 datum
393 1533 493 1593 dicent.
512 1533 599 1595 Fuiffe
605 1531 758 1592 Messanam
772 1532 902 1591 omnium
914 1530 988 1591 istius
1002 1535 1086 1597 starto-

212 1626 275 1671 rum
289 1625 322 1667 ac
336 1608 1014 1687 praedarumreceptricemmegarenonpoterunt.
1027 1628 1085 1686 per·

212 1683 299 1744 multa
307 1683 756 1762 multisnavibusillincexportata:
774 1684 1103 1764 hancnavemdeniquo'

209 1759 683 1833 maximamiMamertinisdatam,
702 1759 828 1823 onustam
836 1778 902 1821 cum
909 1759 961 1819 isto
968 1775 1084 1838 praetore

209 1837 364 1916 profetiam
376 1838 539 1900 fatebuntur.

151 1938 201 1999 ¹51
251 1916 500 1991 Quamobremtibi
512 1915 582 1977 habe
587 1913 650 1975 sane
656 1914 732 1975 istam
744 1913 933 1975 laudationem
940 1914 1087 1981 Mamerti·

210 2010 292 2053 nam:
313 1992 506 2068 Syracusanam
513 1992 626 2070 quidem
633 1993 790 2060 civitatem,
808 2000 840 2048 ut
847 1989 1085 2062 absteafferssiaeti.

210 2071 250 2129 ita
257 2069 285 2126 in
292 2079 320 2126 te
327 2065 381 2126 effe
388 2069 538 2128 animatam
551 2068 692 2127 videmus:
712 2065 785 2143 apud
798 2084 869 2143 quos
881 2067 966 2125 etiam
980 2069 1085 2131 Vetrea

210 2143 493 2220 illaflagitiosasublata
506 2144 574 2205 sunt.
592 2146 695 2205 etenim
709 2144 826 2203 minime
839 2144 1042 2215 conveniebat,
1059 2145 1086 2223 ei

210 2220 329 2280 deorum
342 2219 462 2279 honores
467 2220 577 2290 haberi,
596 2223 643 2297 qui
657 2219 798 2283 sunulacra
811 2217 927 2281 deorum
941 2220 1085 2291 stutuliffet

210 2296 304 2356 Etiam
317 2294 473 2357 mehercule
486 2296 552 2358 iilud
565 2298 594 2357 in
609 2296 776 2374 Syracusanis
789 2295 890 2355 merito
903 2296 1087 2372 reprehendor

210 2384 301 2442 retur,
321 2371 358 2443 fi,
378 2371 443 2433 cum
450 2372 525 2433 diem
532 2373 629 2433 festum
636 2373 766 2435 ludorum
780 2371 817 2433 de
830 2372 899 2432 testis
911 2372 964 2431 suia
975 2372 1087 2443 sustulit·

210 2449 483 2509 sentceleberrimum
491 2445 805 2537 &saneiiffimumqubd
812 2466 847 2508 eo
854 2447 911 2524 ipso
919 2448 964 2507 die
972 2449 1087 2527 Syracu·

211 2525 248 2584 sae
262 2525 419 2585 iMarcello
426 2525 574 2602 captaeeffe
584 2525 818 2596 dicunmr,1idem
827 2523 901 2584 diem
908 2525 1009 2584 festum
1017 2526 1088 2587 Ver·

211 2602 390 2662 risnominea
410 2615 487 2662 erent
493 2625 502 2670 ;
523 2601 586 2663 cim
594 2601 641 2660 iste
649 2602 834 2681 Syracusanis,
854 2601 1088 2678 quaeillecalamir

211 2678 284 2737 tosus
297 2620 513 2755 diesreiquerit,
531 2677 681 2738 ademisset.
699 2679 740 2738 At
753 2678 845 2738 videte
857 2677 982 2739 hominis
994 2679 1037 2739 im
1056 2697 1087 2741 u·

210 2753 334 2812 dentiam
349 2767 431 2830 atque
444 2756 644 2830 arrogantiam,
654 2754 833 2832 judices,qui
845 2772 905 2813 non
918 2753 1008 2815 solum
1046 2774 1087 2821 er-

212 2830 328 2888 reahaec
341 2831 426 2906 turpia
446 2847 478 2888 ac
493 2831 605 2890 ridicula
624 2849 659 2889 ex
673 2831 794 2890 Heraclii
808 2829 925 2906 pecunia
938 2831 1087 2893 constitue·

207 2907 258 2966 rit:
278 2905 375 2966 verum
383 2907 623 2967 etiam-Marcellea
629 2907 688 2966 tolli
701 2907 857 2987 imperarit,
876 2917 908 2965 ut
920 2907 947 2964 ei
960 2907 1036 2969 sacra
1048 2911 1086 2969 fa·

209 2996 303 3042 cerent
315 2985 485 3063 quotannis,
518 2985 595 3061 cujus
609 2996 692 3059 opera
707 2986 835 3044 omnium
856 3001 996 3043 annorum
1017 2985 1085 3047 sacra

206 3058 328 3137 deosque
340 3062 440 3138 patrios
453 3061 610 3121 amiserant:
631 3061 687 3137 ejus
700 3073 794 3121 autem
808 3060 922 3120 familiae
935 3058 994 3123 dies
1008 3061 1086 3123 festo&

204 3135 349 3269 totterent,
367 3155 515 3219 perquam
529 3149 638 3199 ceteros
650 3155 765 3219 quoque
776 3135 860 3200 festos
873 3135 930 3199 dies
943 3154 1087 3220 recupero

203 3227 251 3285 ran
266 3256 273 3271 .
287 3250 291 3258 ·

901 3488 1082 3570 Accu·
