2258 3916
255 126 445 210 Latera
486 142 781 228 Quirinus.
878 158 960 227 ¹553

75 247 227 325 quemlani
240 248 440 325 ingredientem
454 260 574 318 navem,
595 249 625 308 &
639 248 721 307 Verri
733 232 816 306 nimis
827 249 956 307 atrociter

77 326 271 394 minitantem,
291 324 346 385 ase
367 325 514 384 retractum
535 323 589 395 effe
607 325 638 384 ὅ(
657 323 837 396 auersatum,
856 336 887 385 ut
899 323 956 401 ipse

75 400 178 459 incum
187 401 327 470 statueret,
346 400 576 477 quodvideretur.

115 477 183 553 Agit
197 478 356 536 hominibus
375 479 488 552 gratias,
508 480 538 536 &
558 496 657 538 eorum
672 494 735 553 erga
747 477 773 541 se
786 475 958 536 benevolens
968 464 1023 543 161⁴

75 553 144 612 tiam
164 554 389 630 diligentiamque
397 553 541 613 collaudat.
559 552 912 630 lpseinflammatusscelere
926 555 958 613 dd

76 629 171 688 furore
190 631 219 687 in
239 632 333 690 forum
348 630 433 688 ¹venit.
477 630 619 691 Ardebant
633 628 722 690 oculi:
745 640 843 690 ³⁷toto
859 645 894 687 ex
907 644 958 690 ore
1020 677 1023 685 ,

76 706 221 764 crudelitas
236 706 382 765 eminebat.
421 706 609 782 exspectabant
629 724 745 775 omnes,
764 704 822 783 qud
841 704 957 765 tandem

75 779 276 857 progressurus,
295 796 341 842 aut
347 782 481 860 quidnam
488 783 595 843 saurus
608 782 688 843 ellet:
708 781 773 841 cim
786 778 899 858 repente
905 780 959 842 ho·

78 859 188 917 minem
201 860 320 934 proripi,
340 872 423 936 atque
437 859 466 918 in
479 859 543 919 foro
557 860 653 919 medio
667 858 763 918 nudari
782 875 814 916 ac
827 856 955 935 deligari,

77 935 205 1009 &virgas
216 935 337 1011 expediri
340 937 426 1010 jubet.
445 935 742 1005 Clamabatillemiser,
760 935 788 994 se
802 930 956 994 civemelie

77 1012 241 1070 Romanurn
251 1014 437 1089 ,municipem
445 1011 600 1072 Cosanum:
614 1009 957 1072 meruiffesecumliffire·

74 1090 134 1156 tio,
154 1087 365 1163 splendidiffimo
379 1089 471 1165 equite
484 1090 640 1160 Romano,
668 1091 696 1141 ³⁸
723 1089 752 1148 ui
763 1088 896 1161 Panormi
906 1102 958 1146 ne*

75 1165 244 1239 gotiaretnr‚
263 1184 297 1224 ex
311 1183 370 1243 quo
383 1166 444 1224 haec
458 1166 559 1225 Verres
571 1165 636 1225 scite
650 1182 688 1242 po
710 1177 745 1224 et.
775 1163 856 1224 Tum
868 1163 916 1225 iste
929 1162 957 1224 se
968 1167 1102 1225 aarum

78 1239 244 1315 compeiille
258 1243 312 1311 ait,
330 1259 396 1300 eurn
403 1241 558 1315 speculandi
566 1242 642 1301 causa
655 1244 685 1300 in
698 1240 817 1300 Siciliam
831 1243 865 1302 ab
877 1241 957 1303 duci⁴
1045 1270 1048 1281 ·

75 1318 316 1391 busfugitirorum
331 1315 385 1375 elie
400 1316 525 1378 missum:
546 1319 623 1377 cu'us
636 1319 677 1377 tei
688 1315 885 1394 nequeindex,
905 1335 956 1377 ne·-
1059 1344 1071 1371 ι

100 1393 285 1468 uevestigium
292 1393 419 1480 aliquod,
439 1393 558 1481 neques
581 1395 656 1473 picio
670 1394 801 1471 cuiquam
815 1393 879 1454 effet
892 1393 956 1455 ulla.

76 1411 397 1604 geindejlqrber'undrque
410 1469 558 1531 hominem
570 1472 688 1549 proripi,
707 1469 957 1531 vehementissime·

75 1564 189 1624 quever
209 1564 284 1606 eran.

118 1623 283 1681 Caedebatur
296 1624 376 1699 virgis
389 1626 418 1683 in
432 1624 527 1684 medio
548 1626 612 1685 foro
625 1622 759 1685 Messanae
772 1623 838 1684 ciris
850 1624 957 1685 Romae
967 1619 1023 1681 162'

77 1718 148 1770 nus,
164 1700 270 1774 judices
276 1722 286 1769 ;
307 1699 372 1758 cum
385 1701 490 1761 interea
502 1701 590 1760 nullus
602 1703 736 1778 gemitus,
754 1699 892 1760 nullavox
904 1701 957 1761 alia

76 1777 152 1837 illius
165 1777 271 1845 miseri,
291 1777 361 1835 inter
384 1777 513 1836 dolorem
533 1779 724 1854 crepitumque
745 1776 886 1853 plagarum
906 1795 956 1836 au-

76 1847 218 1922 diebatur,
238 1851 377 1922 nifihaec,
398 1853 510 1913 Crvrs
530 1855 716 1912 Ronanus
737 1871 819 1911 sun.
850 1854 954 1913 Hacse

77 1929 354 1989 commemoratione
375 1929 490 1989 civitatis
516 1930 613 1988 omnia
632 1929 745 1988 verbera
765 1927 956 2005 depulsurum,

76 2007 310 2082 rcruciatumque
324 2004 642 2081 acorporedeJetrurun
656 2004 839 2064 arbitrabanu.
857 2006 883 2065 ls
895 2019 983 2071 nonu
999 2007 1089 2057 eneis·

77 2082 170 2141 modd
183 2082 239 2140 hoc
252 2099 311 2140 non
325 2082 456 2157 perfecit,
475 2094 506 2140 ut
520 2083 560 2141 vir
595 2099 656 2141 rum
671 2083 730 2141 vim
751 2081 956 2158 deprecaretur:
966 2082 1021 2121 ‘¹¹³²
1030 2074 1080 2138 ‘aa

77 2158 142 2228 sed,
163 2171 228 2216 cum
235 2158 393 2234 imploraret
405 2159 517 2235 saepius,
535 2099 727 2237 uffiparetque
740 2175 848 2219 nomen
860 2147 1021 2220 civitam·

76 2236 127 2293 tis:
148 2251 230 2304 crux,
251 2252 333 2304 crux,
352 2235 485 2312 iuquam,
511 2235 617 2294 infelici
640 2236 671 2294 &
693 2235 875 2305 aerumnoso,
907 2241 957 2315 qui

76 2327 233 2385 numquam
246 2310 324 2369 illam
336 2312 498 2386 potestatem
504 2312 625 2380 viderat,
645 2311 860 2388 comparabatur.

117 2384 223 2446 LXlll.
254 2387 283 2445 O
311 2406 444 2447 nonan
465 2387 546 2447 dulce
565 2387 706 2446 libertatis!
728 2388 808 2464 djus
820 2387 957 2450 eximium

74 2463 177 2526 nostrae
190 2464 321 2522 civitatis!
355 2465 413 2523 ³⁹6
431 2464 476 2524 lex
489 2464 603 2533 Porcia,
627 2462 637 2520 l
672 2463 752 2541 esque
767 2464 956 2541 Semproniae!

76 2542 97 2602 6
111 2539 230 2617 graviter
243 2538 392 2599 desiderata
412 2541 441 2599 δι
457 2540 606 2617 aliquando
619 2557 632 2599 r
668 2539 723 2598 dita
736 2539 808 2616 plebi
816 2541 957 2600 Romanae

73 2617 219 2699 tribunicia
232 2615 363 2692 potestas!
384 2617 512 2678 Huccine
519 2609 633 2678 tandem
641 2617 737 2677 omnia
743 2615 898 2677 reciderunt
907 2629 954 2704 ,ut
967 2624 1019 2701 163

891 2709 959 2757 citis

108 2853 147 2907 '³7³
166 2852 217 2896 Toto
229 2865 255 2895 ex
268 2857 302 2897 o're
312 2835 427 2897 crudal'iras
438 2836 772 2916 eminebanjrlpudrlgelliurn
783 2839 863 2899 trba.
871 2861 923 2912 cap.
932 2854 958 2902 τ’.

74 2914 198 2963 emanabat.
231 2911 294 2977 apud
304 2912 504 2973 Quintilianum,
528 2914 570 2962 lib.
584 2918 626 2964 ix.
638 2926 690 2978 cap.
703 2912 856 2979 rr..em·'cabar.
890 2899 959 2980 quod

74 2976 247 3090 qbsgyreo‘qqpar
254 2975 360 3032 videtur,
368 2978 393 3025 dt
406 2974 438 3025 ad
449 2975 619 3027 crudelitatem
630 2973 803 3025 ostentandam
815 2977 959 3023 accommo-

93 3053 502 3169 aglgs’tameimgniaremrq
518 3102 665 3153 audendum
675 3088 777 3161 verbum
791 3094 856 3164 adeffe
867 3114 960 3152 exma-

74 3164 215 3231 nuscripto:
233 3179 258 3215 ut
269 3164 313 3223 fit,
329 3167 393 3227 adeffe
404 3170 445 3231 qui
455 3169 617 3229 Panormi-dyc,
635 3165 741 3216 Urlinua

108 3248 119 3288 ³
123 3248 146 3285 9.
165 3238 183 3277 ο
195 3234 230 3277 lex
241 3234 320 3278 Porcia
329 3232 421 3293 legesque
432 3233 579 3293 Sempronia]
595 3236 704 3293 Quarum
714 3228 760 3278 illa
770 3227 850 3302 virgas
861 3229 955 3278 amorii

73 3295 91 3344 a
104 3309 208 3359 corpore
219 3293 310 3342 civium
320 3295 493 3352 Romanorum
506 3309 513 3341 t
527 3292 564 3355 hat
576 3293 607 3343 de
619 3288 709 3342 ciuium
720 3291 800 3366 capite
810 3288 898 3350 miuffu
908 3304 956 3357 po⁴

75 3359 128 3422 puli
140 3359 250 3406 Romani
262 3357 361 3414 judicari
373 3367 507 3406 vetuerunt.
539 3361 618 3423 Leges
630 3361 790 3422 Sempronia,
806 3352 880 3414 dicit,
896 3355 956 3420 quia'

74 3421 155 3485 plures
168 3422 235 3486 leges
248 3423 278 3471 G.
292 3420 447 3485 sempronius
454 3419 578 3471 Gracchus
589 3435 635 3488 pro
645 3419 757 3477 libertae
764 3419 956 3479 citifflm‘

75 3494 165 3541 norunt
177 3483 243 3551 tulit,
258 3490 383 3544 Pomm

483 3542 596 3606 tritt·
854 3552 894 3609 4³·
910 3540 959 3595 η’*
