2258 3916
201 132 283 203 1‘280
472 129 530 200 In
569 130 821 202 Vtunsil
1039 212 1042 217 Ι

69 300 73 305 ,
200 236 269 295 dore
282 232 329 293 vel
347 232 472 294 maxime
491 233 581 304 illius,
600 235 649 312 qui
662 233 753 312 legem
765 230 973 314 promulgavit,
992 227 1094 309 orsdsj

38 302 165 391 sitifim
199 312 230 368 &
243 309 321 369 causa
335 311 458 371 bnititur.
476 312 590 370 venient
603 312 633 370 in
647 311 772 371 medium
786 332 796 378 ;
823 308 933 378 dicent,
953 307 1024 385 quid
1035 308 1083 367 lla·

41 380 125 429 W·
197 386 309 446 tuerint.
332 387 479 464 profesto,
497 384 605 448 firectt
618 386 747 447 homines
758 385 827 447 novi
842 427 851 455 ,
869 401 930 444 non
944 386 1082 445 mendena

198 473 252 522 tur.
266 461 378 523 litteras
390 465 465 524 enim
480 480 646 522 communes
659 464 694 522 de
708 463 804 523 medio
823 472 972 520 removere
985 472 1093 537 potue·-

199 548 286 598 runt:
313 538 398 601 fidem
412 541 486 600 suam
507 541 537 599 δι
555 541 718 616 religionem
733 555 879 599 removere
892 548 952 595 non
966 534 1083 612 poliunt
1122 576 1126 613 :

201 614 278 692 Ergo
293 617 398 693 equites
413 622 440 664 ⁶⁹
450 616 588 685 Romani,
607 616 697 694 quite
717 616 766 676 suo
783 613 891 692 judicio
911 610 1082 673 condemna*
1120 622 1126 631 ‘

204 704 285 761 runt,
302 692 404 753 horum
414 694 521 770 judicio
535 692 714 753 condemnari
733 692 890 751 noluerunt.
926 688 991 748 Vos
1010 694 1082 750 nune
1124 730 1126 735 .

204 766 299 904 pplm
311 769 421 829 illorum
423 768 798 847 judicium,anvoluntatem
805 767 881 845 sequi
888 765 1003 835 malitis,
1018 765 1083 827 coll·

245 858 326 904 erate.

145 920 199 994 176
246 922 364 982 LXXII.
388 923 445 983 Ar
472 941 581 993 vxor,
600 922 666 1001 quid
685 932 713 981 te
732 919 888 979 amicorum
908 918 1084 979 tuorumliu·

208 996 311 1067 dium,
322 998 388 1075 quid
395 1012 475 1058 tuum
483 1000 643 1069 confilium,
663 996 730 1076 quid
744 998 882 1057 sociorum
898 995 1028 1055 voluntas
1039 994 1085 1055 ad·-

49 1094 66 1132 e
87 1083 119 1127 iu
131 1072 296 1150 rasmjuvet:
312 1074 402 1133 dicam
416 1075 507 1151 paullo
520 1076 681 1154 epromtius.
705 1091 797 1152 neque
811 1075 887 1131 enim
897 1072 958 1148 jam
973 1088 1084 1143 vereor,

51 1148 96 1219 αἰξί
112 1158 163 1194 ³¹¹¹·
209 1167 246 1207 ne
258 1148 380 1227 quishoc
388 1169 435 1210 me
443 1153 528 1228 magis
540 1149 720 1220 accusatorie,
741 1149 826 1228 quim
840 1145 923 1206 libere
937 1146 1033 1209 dixisse
1045 1164 1083 1209 at·

53 1210 125 1273 ΡΜ·
210 1224 330 1284 bitretur.
352 1226 442 1285 Siillas
455 1229 555 1287 litteras
568 1246 626 1287 non
640 1226 752 1287 decreto
767 1226 988 1286 decumanorum
1001 1224 1085 1313 mapi-

95 1310 155 1359 η.
208 1299 252 1358 stri
263 1301 441 1363 removissent
446 1326 455 1372 ;
477 1316 583 1364 tantum
591 1301 697 1380 possem
704 1305 733 1362 in
746 1318 774 1362 te
781 1303 887 1371 dicere,
905 1314 1044 1379 quantum
1057 1318 1084 1361 in

208 1374 303 1436 litteris
316 1378 488 1440 invenissem.
519 1398 593 1439 nunc
609 1424 618 1450 ,
637 1380 749 1439 decreto
767 1380 817 1439 illo
830 1378 922 1446 facio,
939 1376 1085 1456 litterisque

210 1453 341 1525 remotis,
359 1468 465 1516 tantum
474 1455 726 1526 mihilicetdicere,
745 1451 995 1534 quantumpollum
1005 1477 1014 1523 t
1029 1466 1086 1533 tam

211 1539 273 1588 tum
288 1530 370 1591 'udici
383 1532 522 1610 suspicari,
540 1544 675 1613 quantum
688 1532 762 1592 velit.
781 1532 873 1601 Dico,
892 1541 921 1588 te
933 1531 1088 1591 maximum

212 1548 400 1681 pondusauri,
419 1612 538 1686 argenti,
558 1610 664 1677 eboris,
683 1626 827 1685 purpurae,
842 1607 989 1683 plurimam
1004 1619 1088 1666 vve-

210 1681 279 1740 stem
286 1683 477 1757 Melitensem,
496 1686 641 1773 plurimam
649 1685 806 1761 stragulam,
820 1683 937 1742 multam
944 1684 1088 1743 Deliacam

211 1757 421 1835 supelleclilem,
441 1763 557 1839 plurima
571 1761 633 1820 vasa
656 1760 822 1828 Corinthia,
844 1776 978 1836 magnum
991 1776 1090 1823 nume·

212 1851 275 1893 rum
283 1838 429 1909 frumenti,
447 1840 508 1899 vim
520 1837 607 1897 mellis
619 1838 788 1905 maximam,
808 1835 942 1913 Syracufis
956 1834 1091 1913 exportas-

212 1910 255 1970 se:
274 1911 315 1971 his
346 1932 378 1973 ro
391 1916 485 1984 rebus,
524 1913 582 1974 uod
596 1916 750 1990 portorium
768 1929 827 1971 non
842 1909 907 1971 ellet
918 1911 1034 1983 datum,
1052 1912 1092 1971 litd

214 1998 313 2123 {para
345 1990 433 2050 socios
442 1991 480 2051 mi
523 1993 587 2051 eL.
595 1989 777 2068 Canulejum,
796 1990 887 2067 quiin
900 2000 1118 2067 portuoperat-

153 2161 204 2220 πῃ
255 2139 558 2218 Satisnemagnumhoc
566 2142 671 2200 crimen
685 2138 814 2200 videtur?
832 2140 954 2211 nullum,
1017 2142 1092 2209 not.

185 2250 188 2255 -
216 2215 311 2291 majus.
323 2217 416 2301 'Quid
429 2217 559 2278 defendet
570 2216 753 2276 Hortensius?
772 2217 929 2293 postulabit,
949 2228 980 2275 ut
1013 2230 1091 2277 tterat

215 2289 341 2366 Canulepi
353 2292 513 2368 proferam?
534 2295 639 2352 crimen
652 2293 810 2370 hujusmodi
824 2335 833 2363 ,
857 2294 907 2353 nili
917 2292 1013 2352 litteris
1026 2312 1093 2353 con·

214 2364 353 2438 firmeurr,
372 2371 453 2429 inane
460 2368 612 2431 elledicet?
633 2369 786 2439 Clamabo,
804 2366 1090 2429 litterasremotaselse

215 2442 369 2505 demedio:
389 2446 645 2507 decrerosocionim
655 2460 747 2525 erepta
761 2446 829 2506 mihi
842 2444 896 2505 else
909 2446 980 2505 istius
993 2446 1093 2506 indicia

213 2535 248 2577 ac
261 2536 445 2581 monumenta
458 2526 603 2581 furtorum.
633 2524 693 2583 Aut
705 2526 761 2583 hoc
776 2523 926 2583 contendat
939 2538 1008 2591 num
1030 2538 1094 2583 uaut

60 2603 79 2654 d
95 2601 207 2655 omnium
214 2591 270 2654 else
283 2597 402 2657 fusium:
423 2610 469 2656 aut
481 2598 599 2658 domnia
611 2600 665 2658 tela
678 2600 795 2676 excipiat
808 2597 915 2659 nocella
938 2599 982 2656 eli.
1032 2614 1094 2675 egat

59 2670 115 2719 MS·
215 2668 412 2731 clientium?
431 2672 519 2749 place‘t
532 2674 602 2732 mihi
615 2677 660 2734 ista
669 2674 798 2735 defensio
812 2696 820 2734 r
840 2672 987 2735 descendo.
1014 2692 1093 2752 aequa

60 2786 76 2819 e
91 2779 192 2819 eonten-
215 2750 291 2805 enim
305 2747 466 2818 econditio,
485 2751 921 2827 aetpuumcertamenproponitur.
940 2749 1093 2825 produmm

63 2836 100 2883 no
115 2836 167 2883 us.
215 2823 346 2894 telles,&
352 2826 504 2900 producam
511 2825 707 2902 plureseodem
714 2839 858 2907 tempore:
877 2827 1096 2904 quoniamtum,

1034 2901 1097 2963 clm

250 3035 288 3085 69.
303 3030 368 3098 Qm.
380 3031 421 3094 qai
429 3041 450 3075 te
455 3027 494 3091 suo
499 3026 584 3088 judicto
595 3026 775 3080 condemnarunt,
795 3026 962 3083 lorumjudicio
972 3025 1097 3071 cunm

217 3093 242 3141 ri
250 3096 382 3152 uolnerum]
408 3096 501 3139 Locum
512 3084 677 3137 desestuosum
686 3085 793 3151 supplevi
805 3085 819 3136 e
831 3089 893 3135 Met.
907 3088 932 3134 δι
944 3085 1014 3135 Fabi.
1032 3085 1097 3151 priua

217 3147 358 3221 legebamus
368 3163 433 3224 mn.
442 3158 465 3214 p
476 3168 509 3205 :u
516 3155 601 3214 jann
611 3152 875 3199 colamnarrvormm.
893 3153 963 3197 cnr.

251 3236 282 3277 70
301 3218 387 3277 ,ladem
399 3218 548 3279 Melitensem]
567 3215 630 3262 Vesis
641 3214 757 3271 Melitenfis
768 3212 892 3261 muliebris
902 3210 948 3260 fuit
961 3245 969 3267 ,
1008 3224 1044 3257 ua
1053 3208 1098 3259 fle·

218 3279 262 3330 bat
273 3285 369 3329 Melita:
383 3296 434 3345 quae
445 3280 479 3328 est
490 3275 566 3327 insula
578 3274 634 3325 satit
644 3277 697 3324 lato
708 3274 738 3324 ab
748 3276 830 3325 sicilia
841 3275 903 3324 mari
914 3224 1098 3339 pericusosoque

219 3342 353 3401 disiuncta,
369 3344 424 3392 vide
436 3342 507 3391 insta.
536 3344 629 3389 Malam
640 3338 715 3387 hodie
726 3341 890 3412 appellamus,
912 3335 1004 3385 vellem
1016 3348 1097 3385 autem

218 3406 364 3457 muliebrem
375 3406 444 3457 suille
455 3405 527 3454 docet
536 3405 576 3453 lic
587 3404 670 3459 locus,
681 3405 706 3451 δι
718 3402 768 3450 alri.
787 3402 831 3450 Sed
841 3412 969 3450 tantumne
981 3400 1099 3451 Meliten*

221 3467 297 3531 ium.
314 3468 380 3539 quasi
395 3471 471 3525 etiarn
482 3469 616 3522 amicorum
627 3480 715 3519 uxores
726 3477 854 3519 ornaturus
865 3462 937 3516 esset?
954 3470 1088 3579 flamm·

968 3541 1007 3585 71.
1077 3544 1099 3576 r·
