2258 3916
219 113 306 197 ¹1518
410 140 414 150 ·
490 100 845 179 lu'vrtiansrn
911 116 955 141 ‘¹

62 246 89 282 m
105 227 194 296 produ·
219 217 300 277 ishun
319 208 520 296 nescioquem
540 216 723 309 mproducem
741 230 896 277 ntameune
917 214 948 277 id
966 210 1104 273 cledi'uo·

61 311 96 345 crs
109 302 183 343 Grau.
217 291 277 352 les?
420 334 423 339 .
1093 340 1096 347 ,

176 373 213 430 79
261 370 340 447 Quid
352 368 542 449 siaufugisset?
562 370 680 431 fivinda
695 370 820 449 rupissem
839 372 895 441 ita,
913 368 1033 429 utNico
1045 364 1104 436 ille,

60 452 78 546 3
94 445 209 543 ῐῧῗῖἔῑῑνξξ
220 448 399 507 nobiliffimus
405 450 490 525 pirata
503 448 609 518 ofecit,
627 460 713 527 quem
722 450 751 509 l’.
759 448 903 517 Servilius,
921 464 978 523 qua
991 444 1101 503 felicita·

60 512 172 609 ἀξζῇξὲξ,
218 536 248 581 te
260 537 385 601 ceperat,
405 526 504 585 eadem
524 525 724 601 recuperavit?
750 526 818 604 quid
838 520 969 584 diceres?
997 520 1101 580 Venlm

62 640 80 672 o
97 594 180 687 fugn'
217 600 350 661 hocerat.
368 603 446 661 srille
461 602 547 662 semel
553 619 632 661 verus
647 602 808 678 archipirata
820 600 905 660 securi
918 596 1060 677 permllus
1071 594 1103 655 ὁ

60 692 135 735 Mau.
221 677 275 736 set:
294 681 443 755 pecuniam
457 679 531 737 illam
544 697 603 737 non
617 680 739 737 haberes.
765 679 785 737 si
798 678 844 737 hic
858 676 935 736 falsus
949 673 1019 735 esset
1033 690 1103 735 mor·

221 766 301 824 tuus,
322 765 368 814 aut
374 754 546 831 profugisset:
556 762 626 815 lnon
633 753 698 814 ellct
712 756 823 814 difficile
836 754 919 813 alium
932 753 963 811 in
976 750 1102 831 suppofiti

64 848 197 897 luceru.
222 830 319 890 locum
326 833 487 909 supponere.
506 832 585 891 Plura
599 831 672 902 dixi,
692 832 779 908 quam
793 831 886 901 volui,
906 830 941 889 de
956 829 1007 888 illo
1021 828 1103 915 archi·

222 908 321 983 pirata:
343 912 373 967 &
386 921 482 968 tamen
495 928 544 976 ea,
584 926 629 970 uae
643 909 788 967 certillima
807 909 868 967 sunt
887 906 971 982 hujus
985 906 1102 966 crimina

222 998 401 1064 argumenta,
420 986 557 1062 praeterm'
569 1004 588 1043 1.
612 986 780 1045 Volo'enim
795 985 865 1043 mihi
878 994 973 1042 toturn
988 982 1046 1042 elle
1057 982 1103 1041 eii·

224 1063 507 1139 menhocintcgrum.
526 1061 759 1133 estcertuslocus,
780 1060 921 1130 carralem
942 1057 1100 1121 certumni·

223 1137 321 1206 bonai,
341 1138 627 1215 qubhocrcservetur.
827 1168 831 1187 =
888 1172 893 1177 -
1038 1164 1042 1171 ·

91 1272 94 1277 .
176 1223 214 1283 80
262 1216 365 1275 XXXl.
385 1217 466 1273 Hic
496 1234 625 1274 rauci
644 1215 736 1292 praeda
751 1214 1047 1290 audium-mancipiis,
1063 1229 1100 1272 ar·

222 1302 326 1367 gento',
345 1292 419 1351 veste
432 1292 635 1369 locupletatus,
654 1292 742 1352 nihilo
762 1292 806 1350 dili
827 1292 917 1349 enrior
936 1290 974 1351 ad
994 1290 1099 1351 cladem

135 1432 139 1439 ,
222 1371 401 1440 ornandam,
432 1370 532 1428 milites
550 1368 722 1428 revocandos
741 1308 906 1445 alendosque
927 1367 984 1427 elle
1000 1368 1100 1457 coeqitt

223 1445 289 1504 chm
298 1464 380 1504 cares
392 1456 451 1504 nori
465 1446 552 1504 soliun
566 1448 720 1522 provinciae
731 1446 824 1515 saluti,
843 1443 942 1504 verum
955 1446 1043 1505 etiam
1056 1440 1099 1523 rpli

221 1523 325 1599 praedae
338 1520 391 1581 elle
397 1521 492 1598 pollet.
512 1523 588 1581 Nam
603 1522 823 1592 aestatesumma‚
843 1539 901 1597 quo
915 1528 1048 1599 tempore
1059 1538 1100 1581 ce·

223 1599 674 1674 teripraetoresobireprovinciam
684 1642 693 1668 ‚
702 1604 729 1647 ⁶⁷
739 1598 941 1657 &concursare
953 1600 1100 1659 consuere·

225 1688 305 1745 runt,
325 1678 463 1735 aur-etiam
471 1678 584 1734 intanto
598 1676 764 1750 praedonum
779 1687 859 1734 metu
872 1675 902 1733 dr
916 1676 1043 1750 periculo
1056 1676 1064 1734 i
1082 1672 1100 1733 r

218 1753 372 1829 navigare:
394 1765 564 1827 eorempore
577 1754 610 1811 ad
624 1751 760 1811 luxuriam
774 1750 952 1828 libidinesque
964 1746 1041 1823 suas',
1054 1694 1100 1811 do.

227 1846 278 1887 mo
291 1829 337 1888 sua
349 1831 440 1904 regia,
459 1847 523 1906 quae
537 1831 606 1905 regis
616 1829 748 1888 Hieronis
762 1830 830 1898 fuit,
848 1846 904 1905 qua
918 1841 1053 1904 ptaetorer
1064 1828 1100 1887 uli

226 1905 330 1975 solent,
351 1919 561 1965 contentusnon
574 1907 635 1965 fuit.
653 1904 841 1981 tabemacula‚
861 1904 1100 1982 quemadmodum

226 1983 405 2041 consueverat
416 1984 584 2059 temporibus
597 1983 710 2052 aestivis,
728 1982 806 2059 quod
820 1994 900 2039 antea
910 1982 974 2056 jam·
988 1982 1102 2041 demon·

225 2059 321 2128 stravi,
342 2060 468 2118 carbaseis
488 2061 593 2116 intenta
614 2060 696 2128 velis,
716 2059 847 2117 collocari
862 2058 936 2134 jussit
956 2058 987 2115 in
1008 2060 1100 2119 litote:

226 2136 304 2211 quod
319 2134 355 2192 est
368 2137 430 2192 litus
443 2137 472 2193 iu
486 2135 574 2192 Insula
587 2135 721 2210 Syracusis
740 2137 801 2210 post
813 2134 957 2194 Arethusae
978 2136 1102 2207 fontem,

228 2225 340 2289 propter
359 2212 445 2287 ipsum
466 2212 610 2269 introitum
630 2224 713 2289 atque
735 2212 833 2272 ostium
853 2223 963 2287 portur,
991 2228 1103 2272 amoeno

222 2289 292 2349 land
308 2292 338 2347 ὅ(
352 2290 387 2347 ab
399 2288 501 2346 arbitris
514 2301 626 2346 remoto
638 2288 713 2347 loco.

181 2374 215 2434 81
269 2366 328 2426 Hic
342 2365 400 2425 dies
407 2366 513 2423 oellivos
524 2365 660 2441 sexaginta
667 2376 770 2441 praetor
782 2364 878 2441 populi
885 2366 1012 2425 Romani
1020 2366 1103 2427 cullm

230 2442 411 2519 defensorque
424 2442 575 2518 provinciae
594 2440 630 2499 lic
650 2444 740 2510 vixit,
767 2456 799 2500 ut
819 2440 962 2500 muliebria
982 2444 1104 2521 quotidie

231 2521 362 2582 convivia
380 2516 482 2589 essent,
501 2518 725 2577 viraccumberet
739 2536 843 2588 nemo,
863 2531 962 2595 praeter
975 2520 1105 2595 ipsum&

228 2608 422 2677 praetextatum
436 2595 531 2653 filium.
569 2595 675 2653 tametsi
689 2595 763 2653 rediit
784 2595 840 2653 sine
854 2596 1022 2670 exceptione
1035 2598 1107 2657 dixe·

228 2695 306 2744 ram,
325 2676 435 2738 virum,
454 2672 518 2729 ciam
531 2669 678 2739 istiellent‚
699 2670 935 2730 neminemfuilse.
954 2673 1106 2733 Nonnum-

229 2770 315 2830 quam
330 2754 414 2808 etiam
427 2747 535 2806 libertus
549 2747 743 2805 Timarchides
763 2748 948 2806 adhibebatur.
980 2751 1106 2809 muliere

231 2844 326 2888 aurern
340 2838 435 2900 nuprae
449 2826 568 2894 nobiles,
588 2838 686 2900 praeter
697 2842 783 2882 unani
803 2826 883 2883 mimi
897 2824 996 2884 Isidori
1009 2824 1107 2893 filiam,

231 2922 317 2984 quam
324 2902 388 2971 iste,
407 2915 519 2977 propter
532 2918 676 2968 amorem,
695 2901 729 2958 ab
735 2900 848 2958 Rhodio
861 2900 975 2961 tibicine
988 2902 1106 2963 abduxe-

232 2997 289 3051 rat,
309 2982 393 3055 Pippa
405 2979 552 3053 quaedam,
572 2995 642 3035 uxor
649 2976 817 3035 AEschrionis
825 2977 999 3051 Syracusani:
1016 2979 1053 3038 de
1060 2994 1108 3056 qua

234 3060 349 3117 muliere
356 3054 576 3131 plurimiversus,
595 3056 643 3130 qui
649 3055 679 3111 in
685 3052 756 3111 istius
763 3054 941 3131 cupiditatem
955 3054 1025 3113 fatti
1037 3056 1107 3123 suut,

234 3132 623 3207 totaSiciliapercelebrantur.

187 3211 221 3269 82
274 3209 473 3279 Erar&Nice,
493 3208 562 3266 facie
577 3206 693 3277 eximia,
712 3218 744 3266 ut
756 3205 934 3282 praedicatur,
953 3207 1111 3294 uxorCleq·

1030 3299 1112 3345 menn

266 3399 304 3444 ⁶7·
326 3397 355 3439 Et
366 3394 505 3452 concamiare]
532 3391 646 3440 Lambini
659 3389 749 3447 editio,
766 3391 937 3454 circumcursare.
960 3386 1002 3440 sed
1014 3390 1111 3441 alteram

233 3456 323 3505 iterum
335 3454 462 3506 habuimus
475 3455 543 3522 supra
554 3471 605 3522 cap.
616 3472 650 3506 12.
663 3470 698 3520 pr.
717 3459 784 3509 Grur.
893 3459 899 3469 “

1026 3528 1064 3569 6⁸.
1080 3520 1115 3567 Tor
