2258 3916
262 93 788 180 LinenQuruc‘us.
885 102 968 187 1485

89 197 169 335 {¹¹⁰⁶
183 200 299 263 debeam
314 203 426 264 forsitan
439 202 580 265 oblineret
599 204 664 265 clun
671 203 811 293 judicium
824 218 897 268 certa
910 208 973 286 lege

41 350 43 355 Α
111 290 123 335 t
137 279 355 351 cconstiturum,
374 299 433 341 non
447 281 515 359 quid
527 283 556 341 in
568 300 599 341 re
619 282 728 342 militari
740 284 846 342 fortiter
858 286 999 356 feceris,c
1015 296 1027 333 ⁶

91 352 153 424 led,
173 357 413 432 quemadmodum
423 376 520 417 manus
532 359 566 417 ab
572 359 665 419 alienis
671 359 793 435 pecuniis
799 359 971 433 abstinuerit,
983 360 1027 397 ‘¹¹¹¹

41 496 43 503 ,
93 430 138 489 ebt
151 442 181 492 te
195 432 290 493 doceri
301 445 445 510 oportere:
464 452 539 505 non,
558 435 690 512 inquam,
709 435 745 495 fic
758 453 856 512 agam,
874 439 920 499 sed
933 440 972 499 ita
984 417 1027 460 ω

93 524 236 585 quaeram,
254 510 494 588 quemadmodum
502 522 529 570 te
536 512 606 570 velle
619 512 758 589 intelligo,
798 526 971 592 uaetuaope-

95 600 138 654 ra,
159 587 511 664 &quantusueritinbello
529 587 607 664 Quid
614 586 707 647 dices?
729 530 863 649 anieno
877 592 997 675 fugin-5

95 678 196 720 vorum
211 664 329 722 Siciliam
342 666 442 723 virtute
455 676 502 723 tua
513 663 675 723 liberatam?
694 682 794 741 magna
805 666 878 736 laus,
897 669 999 728 chor
1015 695 1027 725 a

95 738 167 797 uesta
182 742 287 798 oratio:
307 740 353 800 sed
360 754 454 800 tamen
462 758 520 819 quo
533 740 626 799 bello?
644 758 697 799 nos
710 743 785 800 enim
799 743 859 818 post
871 743 901 802 id
915 745 971 805 bel·
983 743 1009 793 &
1021 741 1027 791 ¹

41 808 44 821 '
93 812 167 884 lum,
188 817 265 892 quod
278 817 327 875 Μ’.
337 817 470 894 Aquillius
483 816 665 887 confecit,src
677 819 833 895 accepimus
840 860 849 889 ‚
863 820 969 883 nullum

92 893 118 951 in
135 891 226 951 Sicilia
239 893 417 968 fugitivorum
432 894 534 953 bellum
547 892 631 953 fulde.
656 895 696 953 At
707 886 827 954 initalia
840 896 909 966 fuit,
929 900 971 957 fa·

94 979 170 1038 teor,
191 971 222 1028 dc
235 980 367 1045 magnum
381 971 512 1047 quidem,
531 987 564 1029 ac
576 960 749 1031 vehemens)
760 988 829 1031 num
841 972 921 1048 igitur
933 992 971 1033 ex

94 1063 129 1104 eo
142 1045 217 1103 bello
224 1058 328 1120 partem
336 1046 547 1124 aliquamlaudis
559 1064 574 1103 a
595 1060 687 1123 petere
699 1046 826 1108 conaris?
845 1066 914 1109 num
921 1051 971 1110 tibi

95 1122 164 1181 illius
178 1121 303 1179 viiloriae
310 1122 425 1197 gloriam
434 1140 500 1181 cum
507 1122 550 1180 M.
584 1122 668 1192 rallo,
690 1136 758 1183 *aut
772 1124 969 1203 CnPompejo

42 1232 47 1239 ·
93 1197 359 1258 communicandam
368 1198 465 1275 putas?
480 1199 717 1258 nonarbitrorhoc
725 1200 809 1259 etiam
817 1200 970 1262 deeffetuae

41 1294 48 1343 j.
91 1274 290 1352 impudentiae,
308 1287 339 1333 ut
346 1274 497 1352 quidquam
505 1275 638 1350 ejusmodi
651 1275 742 1335 dicere
754 1275 860 1335 audeas·
879 1278 971 1338 Obsti-

91 1352 143 1412 tisti
156 1350 301 1419 videlicet,
322 1369 358 1410 ne
370 1369 405 1409 ex
412 1349 488 1409 ltalia
501 1352 611 1408 transire
625 1352 654 1411 in
662 1351 781 1412 Siciliam
788 1354 969 1429 fugitiuorum

92 1429 184 1505 copiae
197 1423 311 1503 pollent.
330 1425 397 1485 ubi?
415 1424 548 1503 quando?
567 1444 664 1503 quaex
676 1427 771 1503 parte?
790 1428 854 1488 clun
867 1442 970 1490 autna·
1025 1450 1027 1494 ;

93 1506 190 1572 vibus,
209 1515 256 1563 aut
268 1504 366 1563 ratibus
379 1513 544 1590 conarentur
556 1503 689 1589 accedere
702 1502 715 1562 i
726 1581 732 1591 ,
742 1522 794 1563 nos
805 1506 881 1565 enim
901 1507 970 1568 nihil

90 1579 969 1744 lumiuuuuulrulliulruriutl:

89 1732 202 1801 undis,
221 1733 294 1791 freto
301 1731 449 1810 fugitiviad
462 1728 859 1809 Meffanamtransrrepoffent:
878 1733 967 1812 iquo

118 1813 126 1868 i
140 1819 244 1869 conatu
251 1808 627 1885 nontantopereprohibendi
642 1807 768 1878 salirent,
788 1808 876 1868 fiulla
888 1811 967 1870 insi-

89 1886 151 1944 cilr'a
165 1883 287 1959 praefidia
307 1886 341 1943 ad
361 1885 471 1943 illorum
493 1884 644 1943 aduentum
659 1884 786 1959 opposita
799 1896 965 1960 putarentur.

88 1962 205 2023 Attum
218 1961 247 2019 in
262 1961 337 2020 ltalia
351 1961 452 2020 bellum
466 1972 524 2019 tam
538 1957 626 2039 prope
639 1957 769 2032 isicilia,
789 1963 969 2102 menhiisliiai
977 1965 997 2026 6

87 2171 141 2210 non
153 2154 262 2207 accurate
272 2157 303 2206 de
313 2155 377 2208 libro
389 2153 509 2223 sumpsrffe
522 2173 529 2205 ι
546 2152 586 2207 sed
602 2172 633 2207 ex
644 2156 783 2215 memoria,
804 2170 925 2225 quantum
935 2158 967 2213 ad

85 2218 240 2287 propolitum
251 2219 306 2269 satis
319 2220 365 2270 eise
374 2221 488 2287 putabat,
504 2219 653 2287 prompiiise.
672 2229 757 2270 Horom.

122 2299 144 2338 3·
164 2287 206 2331 tAn
215 2285 441 2347 belloifugirivarumq
463 2290 493 2334 ln
504 2285 648 2334 Triocalino
658 2285 765 2349 primum
775 2284 908 2335 excitatum
918 2286 966 2337 estc

86 2343 130 2394 ubi
142 2342 239 2411 fugitivi
250 2347 309 2396 duce
321 2355 391 2397 Euno
403 2382 411 2405 ,
433 2348 516 2398 frastis
528 2348 652 2413 ergastulis
665 2348 697 2397 ad
709 2362 747 2396 tx.
761 2347 842 2396 millia
852 2351 966 2409 conjura·

85 2421 188 2459 verunt:
207 2417 337 2460 lectorum
353 2412 429 2461 calita
445 2409 573 2476 superata,
591 2411 710 2467 Manilii,
728 2410 835 2468 Pisonis,
852 2413 966 2470 Lentuli,

87 2471 199 2537 Hypsaei,
216 2478 251 2523 Μ.
262 2483 384 2539 Perpenna
394 2475 466 2533 vicit,
483 2477 509 2525 δι
520 2472 625 2524 obsess'os
642 2481 715 2523 Ennae
727 2472 794 2525 fame
811 2472 965 2539 corrumpit.

85 2539 134 2600 llic
146 2550 224 2584 ovans
234 2536 316 2587 urbem
327 2535 450 2603 ingressus.
469 2537 524 2585 Post
534 2538 632 2602 paullo,
648 2536 716 2585 idem
725 2535 867 2585 incendium
877 2540 970 2587 excita·

85 2601 121 2647 vit
134 2598 244 2648 Athenio
255 2602 322 2650 cilix
334 2600 478 2667 pastortqui
489 2600 619 2649 interfesto
630 2598 734 2649 domino
746 2599 865 2665 ergastula
876 2601 968 2666 aperuit

82 2663 232 2712 Pretoriana
253 2664 328 2713 castra
345 2664 439 2712 servilii
456 2665 482 2713 dt
500 2664 595 2713 Luculli
612 2662 759 2714 succubuere.
793 2664 840 2712 M’.
855 2664 970 2729 Aquilius

85 2726 204 2790 exemplo
219 2731 259 2776 l’er
276 2730 391 2785 ennae‚&
403 2725 468 2776 ferro
481 2728 507 2776 ἃ
519 2726 586 2776 fame
595 2740 731 2777 maceratos
742 2724 904 2793 tepiffet,nisr
915 2742 969 2777 me-

85 2799 125 2837 tus
137 2786 248 2901 fupdolicii
288 2788 346 2841 liet.
377 2796 415 2840 lta
433 2805 463 2839 ue
474 2804 606 2855 magnaex
618 2803 686 2855 parte
701 2804 808 2841 mortem
819 2790 864 2839 libi
875 2792 969 2843 consci-

82 2865 156 2909 vere,
190 2868 222 2903 ux
234 2853 341 2919 aufugit:
359 2853 409 2904 haec
444 2868 470 2903 re
481 2852 513 2903 ad
523 2851 735 2903 summamFlotus
746 2853 915 2905 lib.historiar.
925 2871 964 2906 ru.

83 2915 217 2966 Athenaeus
227 2917 270 2965 lib.
281 2920 406 2974 summu.
419 2917 444 2976 β.
464 2919 591 2966 Servorum
601 2916 774 2982 inbellisque
791 2917 817 2964 in
830 2918 911 2966 sicilia
924 2932 967 2968 ex·

82 2978 203 3036 citarent,
221 2977 299 3028 scribit
309 2979 437 3029 interfed’ca
448 2980 552 3045 amplius
564 2979 643 3028 decies
654 2992 757 3027 centena
768 2978 931 3030 milliarum.

53 3080 56 3084 .
114 3060 138 3102 φ
156 3048 213 3089 „Aut
224 3050 259 3091 cn.
273 3048 390 3106 Pompeia]
422 3047 488 3092 cum
498 3042 610 3107 frigitivic
623 3043 752 3106 Pompeius
767 3054 819 3089 non
831 3044 964 3107 pugnavit:

81 3100 137 3162 sed,
155 3119 211 3153 cum
223 3120 252 3154 ex
264 3104 392 3169 Hispania,
410 3102 521 3170 superato
533 3107 639 3159 sertorio
651 3139 659 3162 ,
676 3104 779 3162 rediret,
795 3119 915 3171 magnum
926 3105 967 3155 fu-

101 3168 167 3216 itivis
179 3181 296 3217 terrorem
307 3171 357 3226 ejus
370 3168 487 3218 adventus
497 3169 588 3228 iniecit.
621 3166 687 3216 unde
697 3168 742 3215 illa
753 3170 779 3217 in
791 3169 904 3218 oratione
918 3183 966 3233 pro

77 3182 512 3359 insinuantium
528 3234 750 3343 litetur-lt
775 3235 965 3358 niatu

78 3361 138 3420 quod
152 3359 231 3406 bellum
247 3360 395 3420 exsudatione
413 3328 660 3423 Pompeji'attenuarum
680 3371 745 3425 atque
760 3360 903 3411 imminutum
923 3360 966 3421 est,

79 3424 199 3474 mentum
206 3424 315 3486 furatam
330 3423 477 3490 ,opattam-
494 3425 512 3476 1²
515 3459 522 3477 ·
530 3425 626 3476 manat.
867 3499 890 3542 ς,
907 3488 970 3537 nnus
