2258 3916
199 152 285 233 1246·
461 145 518 211 lu
561 144 816 212 Vtuntur

200 265 252 315 ⁸ut
258 268 324 312 cum
331 249 425 310 secum
431 249 470 309 sui
477 249 552 309 cives
558 261 640 325 agant
646 248 688 313 de,
695 247 789 310 litteris
802 246 917 326 publicis
932 264 944 307 c

199 330 288 409 ejusce
302 328 342 387 rei
354 327 458 401 legibus
472 325 723 385 Thermitanorum
736 325 810 385 aetio
830 325 876 384 stt:
898 323 944 384 cur

197 405 368 487 populusque
374 406 519 463 Romanus
532 400 739 471 Thermitanis,
757 400 835 480 quod
847 402 944 479 sempe

200 485 264 545 ciria
278 479 389 556 fideque
403 478 676 548 manfiffentmtbes,
690 496 787 554 agros,
805 478 932 555 legesque

201 555 323 619 didisset:
342 556 505 632 Publiusque
512 555 636 633 Rupilius
649 555 741 629 postea
754 556 828 630 leges
839 558 878 615 ita
885 556 944 614 Sicu

201 648 282 699 natus
288 634 413 693 consulto
428 633 462 691 de
477 632 576 691 decern
586 631 742 707 legatorum
756 632 887 691 sententia
901 631 944 691 der

203 714 279 773 cives
291 713 363 771 inter
376 710 402 769 se
415 708 518 783 legibus
531 708 582 767 suis
595 721 721 784 agerent:
742 708 874 784 idemque
887 709 944 767 hoc

204 790 305 848 Verres
311 786 404 863 ipsein
416 784 526 857 edicto,
545 798 576 843 ut
583 783 618 844 de
625 784 667 847 his
678 784 808 844 omnibus
822 784 906 843 causis
919 784 944 843 se

200 868 334 943 rejiceret.

156 957 191 1018 91
242 936 311 1010 lste,
329 940 421 998 homo
433 938 562 996 omniurn
578 938 768 1013 aequiffimus,
790 949 891 1016 ³atque
905 936 944 997 a«

203 1018 415 1081 remotissimus,
433 1012 711 1089 secogniturum'effe
724 1015 890 1074 confirmat:
909 1033 944 1090 pa

206 1096 315 1155 causam
323 1090 470 1153 dicendam
487 1091 603 1149 *venire
615 1091 686 1151 hora
698 1109 774 1149 nona
782 1093 871 1169 iubet.
888 1109 944 1150 non

206 1174 331 1239 iturum,
351 1167 417 1246 quid
431 1168 523 1225 homo
536 1167 677 1243 improbus
698 1184 731 1226 ac
745 1170 863 1227 nefarius
876 1170 944 1244 cogi

206 1266 263 1324 que
276 1250 353 1305 enim
366 1244 420 1321 ipse
432 1244 492 1302 satis
504 1244 668 1304 occultarat:
688 1262 741 1303 nec
755 1245 944 1305 muliertacen

204 1324 380 1388 Inteliceium
388 1320 461 1379 estid
471 1320 662 1396 ipsumagere,
680 1335 726 1389 ut,
747 1320 811 1381 cium
819 1321 944 1381 Stheniui

205 1401 236 1461 lo
243 1410 425 1475 argumento,
445 1396 784 1467 atfinetestedamnaffet,
802 1398 941 1457 tumlrom

207 1476 243 1536 de
256 1477 374 1537 homine
386 1472 488 1542 nobili,
508 1486 592 1551 atque
603 1474 634 1535 id
644 1476 732 1535 aetatis
746 1516 756 1544 ‚
774 1475 879 1552 suoque
891 1473 944 1550 hoi

208 1554 248 1630 gis
260 1553 422 1629 supplicium
430 1548 749 1612 crudelifliiue'sumeret.
767 1551 856 1627 Quod
869 1568 937 1611 cum

208 1631 332 1704 i'picuum
339 1652 350 1697 ς
369 1626 589 1696 deamicorum,
602 1626 799 1706 hospitumque
813 1628 926 1687 suorum
938 1634 944 1685 i

207 1704 342 1768 Thermis
355 1704 484 1763 Sthenius
494 1704 619 1764 Romam
631 1705 762 1780 profugit.
785 1704 874 1763 hiemi
885 1704 939 1763 ieie

208 1802 264 1860 que
272 1782 450 1841 committere
457 1778 569 1849 maluit,
589 1779 742 1857 quirnnon
756 1780 833 1839 istam
849 1798 944 1839 comm

210 1860 338 1919 culorum
346 1855 536 1936 tempestatem
550 1857 792 1935 calamitatemque
804 1858 900 1944 vitare.

163 1955 199 2015 92
248 1934 410 1997 XXXVIII.
430 1934 518 1992 Ista
538 1953 642 1991 nono
666 1950 754 1993 certus
768 1937 797 1993 ὃ(
810 1933 944 2010 diligens:

96 2180 154 2229 RB.
188 2218 190 2223 .

51 2248 70 2297 h
87 2247 148 2295 eirca

56 2313 106 2359 MS.

210 2009 474 2086 nouampraestheii.
489 2010 632 2069 Sthenium
640 2013 716 2069 citari
718 2013 810 2087 jubet:
821 2030 906 2087 quem
913 2028 944 2086 pc

210 2089 288 2149 videt
301 2105 360 2146 non
374 2082 480 2153 adeffe,
500 2084 597 2143 dolore
610 2087 705 2145 ardere
720 2130 728 2155 ,
748 2099 830 2162 atque
844 2090 944 2145 iracum

211 2164 318 2239 coepit:
341 2162 498 2221 ‘Venerios
511 2161 560 2218 ‘in
575 2161 694 2221 domum
710 2165 813 2221 Sthenii
828 2166 935 2223 mittere

211 2241 338 2301 bcircum
352 2254 431 2316 agros
444 2238 501 2315 ejus
514 2237 641 2317 villasque
654 2238 800 2299 dimittere.
818 2241 911 2319 itaque
923 2240 944 2299 d‘

247 2486 270 2521 2.
287 2477 321 2517 vt
330 2468 379 2517 uim
385 2470 457 2531 secum
466 2471 511 2522 &n
523 2472 586 2532 eiusce
598 2473 631 2518 rei
639 2473 741 2531 lepitana]
774 2475 871 2519 Secutus
888 2470 939 2521 sum

214 2534 272 2585 libri
282 2534 422 2592 Meteliici,
444 2534 560 2598 praecipue
578 2534 634 2583 curn
651 2535 748 2600 itaquo
767 2550 796 2582 ue
807 2532 886 2583 fuiffet
897 2537 924 2582 in
936 2540 944 2583 1

215 2598 260 2649 uifi
273 2598 340 2664 quod
351 2599 372 2645 is
382 2598 473 2663 ejusque.
492 2598 592 2663 vulgata
603 2595 653 2647 fine
664 2597 732 2647 bono
744 2550 824 2656 pensu,
840 2601 944 2660 ursorum

215 2667 249 2713 rei
259 2665 268 2708 I
291 2666 320 2710 it.
339 2665 409 2710 Gmt.

251 2680 370 2787 affarique
381 2724 396 2768 ἁ
406 2726 522 2786 cupiditate
531 2726 699 2787 Μονίμη]
726 2723 798 2773 Haud
809 2726 880 2773 aliter
889 2726 944 2773 iteri

216 2792 280 2836 Met.
292 2788 405 2851 vulgata,
421 2790 491 2848 cupid.
503 2792 599 2835 omnium
609 2806 661 2837 rem.
685 2790 871 2854 conjeceratque
886 2793 910 2836 N
914 2803 944 2836 an

214 2850 256 2901 sed
265 2849 358 2917 prestat
370 2848 455 2898 abess'e.
471 2852 538 2899 Idem.

246 2934 270 2976 4.
291 2918 366 2962 Venire
373 2917 426 2961 hora
436 2916 576 2972 nanajuter.]
590 2912 632 2962 Est
643 2911 718 2965 rursus
730 2913 760 2963 ab
770 2912 856 2964 iisdem
868 2913 944 2980 scripti

215 2978 271 3035 stri,
287 2980 314 3027 δι
325 2974 373 3027 cufi
383 2980 473 3033 ahava,
489 2988 543 3025 tam
552 2977 606 3026 heic
617 2992 691 3043 quarn
703 2980 782 3043 eapite
792 2978 908 3044 sequenti.
933 2995 944 3026 c

217 3042 280 3106 gerit
290 3041 318 3088 iu
344 3042 436 3091 rociive
447 3039 482 3089 est
494 3057 503 3097 ;
529 3042 588 3105 quia
601 3054 660 3091 tunc
671 3040 760 3091 scilicet
773 3043 886 3091 homines
898 3041 944 3091 dor

217 3116 273 3156 rant
285 3102 317 3153 ad
326 3056 428 3161 gunea,
445 3103 477 3151 ad
488 3118 559 3153 cenas
571 3108 619 3154 &e
637 3110 776 3154 Gulielmius.
795 3105 871 3154 Idem.

251 3184 273 3223 ς.
293 3170 389 3215 Venerios
400 3172 424 3215 in
433 3170 520 3215 domum
529 3171 636 3226 richerii]
669 3173 754 3215 Venerii
770 3170 875 3217 viatores
891 3184 944 3217 erar

219 3232 279 3281 disti
291 3231 305 3279 ὶ
316 3234 410 3279 Venere
419 3231 541 3295 Erycina:
558 3232 602 3296 qui
617 3230 794 3297 magistratibus
810 3234 895 3297 populi
914 3238 944 3281 Rc

218 3295 384 3360 apparitorum
394 3295 453 3342 loco
463 3309 491 3342 ac
502 3308 606 3343 nurnero
615 3292 662 3343 effe
672 3294 790 3344 solebant.
809 3304 894 3344 Horum.

250 3366 274 3407 6.
289 3365 317 3405 la
326 3361 412 3405 domum
424 3362 530 3417 Samnii]
546 3362 608 3407 Met.
622 3374 675 3406 non
686 3357 944 3423 agnoscitprapofitiur

217 3434 267 3487 que
277 3418 412 3470 admodmn
420 3422 556 3485 requiritur.
574 3420 641 3471 idern
651 3422 712 3470 iiber
723 3438 776 3474 non
787 3420 860 3473 habet
870 3426 944 3489 equ'im

218 3483 288 3555 quod
296 3481 360 3539 item
369 3482 545 3538 examinum
556 3486 651 3539 critici.
675 3490 743 3546 (irat.
