2258 3916
10 35 26 273 1
236 99 428 175 ertn
467 104 763 189 Qotnroe.
862 121 945 191 ¹50³

49 204 142 277 tenfi3
161 218 199 265 ne
212 222 354 285 quaeram,
375 216 402 256 ⁴¹
413 203 465 285 qul
477 205 586 266 licuerit
598 196 736 267 aedificrre
748 219 852 267 narem
865 207 944 271 lena·

10 276 14 299 '
50 284 118 343 tori.
138 283 261 360 autiquae
273 283 334 344 sunt
347 282 404 343 istae
415 285 490 359 leges
503 284 676 352 demortuae,
695 282 943 360 quemadmodum

50 370 85 418 tu
96 358 168 419 soles
180 359 289 429 dicere,
310 378 376 438 quae
388 371 494 419 vetant.
514 371 544 407 ⁴²
553 358 615 419 Fuit
628 359 676 418 ista
688 359 835 436 respublica
849 379 943 439 quon·

10 422 14 523 b
53 432 141 506 dam,
160 435 434 497 fuitistascvcritasin
442 435 571 524 judiciis,
588 448 619 496 ut
631 434 710 495 istam
723 454 785 495 rem
799 439 942 499 accusator

10 526 15 613 q
54 509 86 571 in
98 515 208 591 magnis
221 514 380 573 criminibus
393 512 579 589 objiciendam
593 522 710 589 putaret.
729 525 759 564 ⁴³
769 512 848 589 Quid
861 517 941 576 enim

10 620 14 663 :-
53 586 103 659 tibi
115 605 191 649 nave
205 607 274 668 opus
287 589 340 649 fuit
356 588 368 648 ἓ
393 590 442 669 qui
453 587 533 668 fiqub
546 587 655 666 publice
667 587 887 665 proficiscereris,
908 593 941 652 dc

74 662 190 737 aridii,
205 667 235 726 &
248 665 370 727 vedturae
384 666 478 737 causa,
497 666 607 742 sumptu
620 665 731 753 publico
744 667 853 743 navigia
867 684 940 744 prae-

54 679 199 805 betentur:
219 743 348 818 privatim
361 755 457 803 autem
469 760 522 802 nec
535 741 669 830 proficisci
682 759 826 830 quoquam
839 755 940 821 potes,

54 831 106 878 uec
114 816 245 879 arcessere
253 837 294 878 res
301 820 659 889 trmsmarinasexrislocir‚
679 819 813 898 inquibus
826 819 875 880 tibi
886 820 940 881 ha·

56 889 135 965 bere,
157 898 272 956 mercari
286 898 353 956 nihil
364 898 438 956 licet.

87 972 205 1033 Deinde
213 990 261 1032 cur
267 975 419 1053 quidquam
434 985 530 1034 contra
536 973 610 1051 leges
616 970 731 1050 parasti?
750 971 864 1035 Valeret
877 972 934 1033 hoc
945 964 985 1038 4⁶

55 1049 160 1117 crimen
181 1051 210 1108 in
230 1049 275 1109 illa
301 1052 388 1111 veteri
408 1049 549 1110 severitate
568 1067 600 1109 ac
620 1048 751 1126 dignitate
770 1050 936 1127 reipublicae.

54 1124 138 1186 Nunc
146 1145 206 1185 non
214 1125 303 1186 modb
310 1139 337 1191 te
344 1127 400 1186 hoc
407 1128 524 1186 crimine
531 1142 699 1202 nonarguo:
718 1126 807 1186 sedne
819 1127 933 1208 illaqu-

52 1200 118 1263 dem
126 1206 275 1263 communi
288 1204 490 1280 vituperatione
504 1201 685 1279 reprehendo.
705 1204 887 1265 “Postremo
901 1217 933 1267 tu
944 1209 1093 1267 licem.

10 1282 13 1295 '
50 1278 163 1339 ubihoc
176 1298 245 1338 num
266 1298 331 1339 uam
345 1294 440 1356 turpe,
460 1297 615 1359 numquam
630 1279 826 1350 criminosum,
846 1288 933 1343 num'-

11 1380 22 1397 ·
49 1298 309 1433 quaminvidiobum
324 1355 504 1431 foreputasti‚
524 1356 703 1417 celeberrimo
709 1356 775 1416 loco
790 1356 881 1435 palum
895 1360 932 1419 ti·

46 1426 931 1522 biaedifitarionermiamnavemincaptovincia,quamtucum
985 1440 989 1447 '
1027 1492 1030 1497 .

844 1528 936 1591 impe·

76 1677 118 1720 41.
137 1663 189 1722 Qui
198 1666 285 1713 linurin
295 1662 399 1727 adificare
408 1682 486 1713 navem
494 1664 609 1725 senatori]
634 1667 663 1714 L.
677 1660 782 1715 aufertur
793 1662 818 1714 ffi
832 1664 862 1714 de
872 1664 932 1733 Jute

43 1724 122 1783 uisci,
139 1727 166 1775 in
178 1742 206 1775 ea
216 1729 355 1792 provincia,
371 1729 398 1777 in
410 1744 458 1794 qua
487 1730 523 1776 uis
535 1727 700 1785 administrat,
717 1726 833 1777 aedificare
843 1728 930 1794 prohi-

43 1786 123 1841 betur.
143 1795 269 1840 Scnatores
280 1804 362 1842 autem
372 1806 461 1841 navem
469 1742 560 1840 (babere
570 1793 646 1840 ctiam
657 1790 815 1857 prohibentur
825 1793 931 1861 legeJu·

43 1852 82 1902 lia
92 1856 218 1918 repetund.
230 1853 256 1905 ff.
290 1862 329 1904 De
339 1856 521 1913 vacationibus.
538 1860 573 1918 Q
582 1869 682 1967 quoque
692 1853 799 1904 Claudio
809 1855 850 1904 lex
861 1857 929 1915 late,

43 1930 79 1965 ue
90 1919 146 1983 quis
157 1917 268 1976 senator,
286 1919 328 1983 qui
339 1917 457 1969 senatoris
469 1932 536 1982 parer
545 1918 581 1966 fui
601 1931 625 1967 et
638 1951 645 1974 ‚
666 1919 817 1967 maritimam
828 1919 912 1969 navim
917 1950 928 1977 ,

41 1992 97 2095 quq
108 1982 164 2047 plus
175 1998 250 2048 quam
261 1995 423 2032 trecentarum
434 1983 606 2047 amphorarum
617 1978 931 2040 effet,haberet.Nanniu³.

40 2049 82 2096 Ver
96 2065 144 2095 ur.
779 2082 782 2089 .

71 2125 112 2168 42.
120 2063 186 2157 ἐζὶῗιιίτ
197 2110 237 2170 ista
248 2109 373 2179 ‘Respublica
383 2111 510 2175 quondam]
527 2109 578 2159 Alii
589 2109 685 2174 responsto
692 2143 699 2166 ,
706 2106 775 2175 quod
785 2105 929 2159 falsumeffe

40 2184 151 2236 apparet.
169 2173 210 2224 Est
222 2175 248 2223 bt
260 2179 353 2224 Veneta
364 2172 492 2222 commodi
502 2171 580 2222 sensus
592 2171 706 2238 scripture
715 2172 857 2237 Reprehensio.
875 2176 929 2223 Ca·

38 2249 130 2284 merar-
163 2239 288 2303 Respublica
298 2237 390 2295 malui,
407 2237 483 2312 quim
498 2238 644 2303 vulgatum,
666 2237 788 2302 reprehanfi·
804 2238 928 2301 quondan,

39 2298 619 2415 ulmlulltllmlllptlitlllm
630 2299 927 2414 {uuillielmi

32 2414 35 2421 .
138 2399 144 2413 ·
255 2399 262 2421 r

42 2427 205 2477 Memmianis
214 2427 284 2477 fuille
295 2430 347 2493 resp.
359 2434 434 2480 reneio.
443 2428 507 2477 unde
517 2426 609 2477 format
620 2427 819 2483 Gulielmium
827 2429 928 2490 premio.

42 2502 99 2538 mea
110 2489 225 2556 scriptura
235 2489 394 2543 confirmatur
403 2493 450 2542 illo
460 2491 524 2541 infra
537 2508 544 2540 a
569 2495 650 2541 Valent
660 2496 697 2540 boc
707 2495 787 2539 crimen
798 2492 823 2537 in
833 2491 875 2537 alla
885 2508 928 2539 ve·

41 2558 85 2602 uri
91 2557 210 2615 severitate
220 2560 273 2619 reip.
292 2558 361 2605 Grut.

69 2632 111 2676 4³·
128 2619 194 2683 Qid
203 2622 261 2666 enim
271 2621 315 2665 tili
324 2637 380 2666 nave
390 2632 439 2682 opus
446 2619 532 2678 fuiti]
563 2617 708 2678 Cujacianus
724 2615 818 2665 brevius
830 2631 837 2663 a
860 2618 927 2680 Qut

38 2685 96 2728 mim
106 2681 152 2728 tibi
160 2686 255 2730 navim?
273 2683 299 2732 &
309 2679 422 2747 profesto
433 2679 484 2730 fere
500 2683 630 2747 perplacet.
653 2684 719 2729 Idem.
753 2680 842 2729 Cicero
859 2679 927 2730 forte

39 2740 145 2808 lcripfit,
162 2762 204 2810 quo
215 2749 273 2792 enim
282 2747 325 2792 ribi
335 2750 431 2793 navim?
449 2749 519 2795 lianc
529 2746 598 2796 eninr
608 2746 660 2797 vitu
670 2744 715 2795 ista
725 2742 816 2794 habeut
826 2743 926 2811 potitae,

39 2820 116 2873 quam
126 2807 173 2855 illa
184 2822 236 2874 qux
247 2804 424 2873 supposuerunt.
442 2814 529 2859 Horat.

137 2873 258 2936 Qumihi
265 2874 408 2932 divitias,st
418 2891 458 2922 non
468 2875 586 2922 conceditur
595 2876 632 2923 uti
637 2880 649 2921 ?
714 2878 719 2889 ”
835 2914 840 2925 .

39 2933 93 2984 Cic.
107 2948 156 2991 vn,
167 2935 200 2983 ad
211 2938 280 2984 Fam.
293 2952 343 2992 23:
360 2940 410 3001 Qo
426 2936 574 2999 mihistgnum
590 2939 693 2985 Martis?
710 2936 791 2984 Senec.
810 2932 841 2982 de
857 2944 928 2984 trau·

37 2997 164 3065 quillitate
176 2999 252 3048 animi
264 3014 284 3048 c.
297 3015 312 3054 9
325 3015 332 3047 ε
354 3002 406 3066 Qu
417 3002 476 3048 mihi
485 3001 648 3047 innumerabiles
660 2999 724 3046 libros
735 3001 765 3050 df
774 2987 924 3057 bibliothecas,

35 3077 131 3125 quorum
138 3065 239 3110 dominus
249 3067 291 3109 vix
301 3076 347 3110 tota
356 3069 408 3111 vita
417 3065 498 3111 indices
508 3064 559 3126 legit
569 3070 582 3110 ι’
608 3062 692 3112 Multa
701 3061 772 3124 huju&
789 3060 926 3111 locutioni·

34 3124 152 3189 exempla
179 3124 249 3176 affim
260 3125 340 3177 obvia.
357 3129 467 3176 Gravius.
857 3168 860 3173 .
943 3156 947 3167 ‹

63 3207 105 3250 44.
124 3195 155 3237 Po
174 3207 231 3238 remo
241 3204 268 3239 tu
276 3192 320 3237 riti
330 3194 366 3237 loc
377 3206 496 3255 numquam
505 3192 585 3261 arpa]
602 3187 661 3238 eall.
674 3186 768 3238 duobus
778 3202 831 3236 non
842 3187 926 3247 adest,-

32 3268 155 3318 mquam
165 3266 190 3299 ru
214 3272 239 3309 e,
256 3251 388 3318 rejecitque
398 3255 476 3302 etiam
487 3249 564 3300 editio
576 3251 686 3302 vittoni
719 3263 787 3301 extat
798 3262 883 3311 tamen
893 3251 922 3303 in

31 3314 156 3389 prioribus
216 3332 240 3374 r,
257 3312 326 3365 sed-ii
337 3331 416 3365 nona
432 3313 535 3365 noscunt
547 3315 673 3374 Postremo,
690 3330 721 3364 ne
740 3330 770 3364 ue
784 3312 858 3363 habet
869 3312 923 3365 Cui

30 3380 152 3439 lacialius.
170 3381 196 3429 oc
208 3378 264 3430 sane
276 3392 318 3429 aut
329 3380 385 3442 ejici
395 3331 481 3436 uber,
498 3390 539 3427 aut
549 3377 632 3444 potius
645 3377 703 3435 addi
718 3330 842 3437 lqetrteutiz
852 3379 923 3445 prio·¹

30 3441 140 3510 munti
157 3445 404 3514 reprcbmdopossrmat
419 3442 504 3501 rasili
514 3443 560 3503 dt.
578 3442 648 3497 Gru.
852 3512 878 3559 N
910 3507 929 3521 .-

796 3522 837 3570 45·
873 3522 929 3571 Μ’.
