2258 3916
215 124 296 209 ¹488
480 124 835 193 Iuvenum
1010 146 1014 161 ¹
1102 39 1118 173 ¹¹

213 228 328 289 consilio
341 219 468 292 fuerunt:
487 232 581 303 testes,
599 232 717 310 publicae
728 231 851 291 tabulaer'
870 225 960 297 testis,
978 216 1091 313 splenii*
1114 224 1127 274 ²:

213 304 319 366 diflima
337 308 431 367 civitas
451 309 644 386 Lilybaetana:
665 309 757 378 testis,
780 304 984 366 honestiffimus
1003 312 1094 383 maur·

213 381 327 459 musque
334 396 487 443 conventus
493 386 596 445 civium
604 387 808 445 Romanorum.
826 382 893 441 nihil
907 378 1012 458 potestr
1025 394 1086 455 pru·

212 454 332 518 ducendi
338 460 406 519 sunt.
424 462 516 539 itaque
523 461 712 538 producumur
725 465 755 521 &
767 459 802 519 ad
815 458 908 535 palum
920 457 1072 542 alligantur3

169 530 202 578 11
250 533 341 594 Etiam
357 554 432 596 nunc
445 538 514 597 mihi
527 539 681 614 exspemare
700 537 856 603 videmini,
872 533 1005 611 judices,
1024 528 1086 609 quui
1115 538 1120 617 ᾗ

211 607 313 671 deinde
326 613 483 673 fastumsrt:
503 613 634 692 qubdisse
642 615 708 673 nihil
715 606 1086 690 umquumfecitsmezliquu
1104 652 1121 675 ,.

211 686 316 762 quaestu
335 701 417 766 atque
455 691 537 750 raeda.
580 691 657 765 Quid
671 693 699 748 in
713 687 848 763 ejusmodi
861 705 890 745 re
903 685 964 745 fieri
976 680 1085 761 potnit?

211 762 291 838 quod
303 781 421 827 commo
442 786 488 825 um
508 766 573 825 est?
599 767 750 842 exspeerate
769 765 873 823 facinus
887 804 896 831 ,
910 760 1012 840 'quem
1033 758 1087 819 vul·

211 841 246 896 tis
257 840 432 915 improbum:
453 845 564 903 vincam
582 856 677 902 tamen
698 840 928 919 exspeuationem
950 838 1085 897 omnium.

215 915 353 975 ⁸nomine
371 918 475 978 sceleris
493 919 741 996 couJurarionisque
763 917 910 984 damuati,
936 913 974 973 ad
993 914 1010 972 s
1067 913 1086 957 '-

215 992 292 1049 cium
309 993 415 1063 traditi,
433 996 467 1053 ad
482 996 574 1072 palum
589 996 702 1071 alligati,
721 1004 850 1070 repente,
869 990 963 1050 multis
974 992 1015 1049 m'
1036 992 1042 1002 '

212 1066 594 1146 hominuminspeerantibus,
612 1073 689 1131 soluti
701 1072 778 1139 sunt,
797 1071 827 1128 &
841 1066 983 1127 Leonidae
996 1066 1085 1127 illido·

214 1144 406 1203 minoreddiri.
424 1148 563 1222 Quidhoe
575 1147 840 1225 locopotesdicere‚
858 1145 951 1203 homo
964 1140 1086 1203 amentii
1119 1154 1127 1217 j

214 1217 303 1277 fime?
322 1221 420 1292 nisrid,
439 1224 575 1300 quodego
589 1244 648 1283 non
662 1241 772 1302 quaer0:
792 1220 870 1299 quod
883 1221 1009 1297 denique
1020 1221 1084 1278 iure
1119 1230 1124 1247 ·

213 1305 272 1352 tam
280 1298 398 1366 nefaria,
417 1300 643 1360 tametsrdubimri
650 1318 708 1360 non
715 1299 802 1375 potest
810 1308 822 1367 ,'
836 1309 949 1367 tamen,
969 1294 1085 1357 nesrdu·

212 1370 447 1449 biteturquidem,
466 1378 552 1453 quaeri
559 1389 700 1452 oporteat:
720 1376 804 1453 quid,
820 1386 869 1432 aut
876 1386 1032 1449 quantum,
1044 1384 1084 1431 rut

214 1451 363 1523 quomodo
369 1455 512 1527 acceperis.
530 1455 642 1512 remitto
655 1454 703 1511 ribi
713 1453 887 1519 hortorum,
902 1464 994 1526 *atque
1005 1451 1049 1509 ista
1059 1460 1084 1507 te

215 1542 279 1582 cura
291 1524 386 1584 libero.
406 1531 578 1605 nequeenim
588 1543 702 1598 metu0,
722 1545 758 1586 ne
770 1527 826 1586 hoc
840 1528 974 1602 cuiquam
988 1526 1085 1601 persue-

215 1599 327 1670 deatur,
348 1614 395 1672 ut,
416 1606 450 1662 ad
464 1605 541 1681 quod
554 1607 659 1665 facinus
671 1622 781 1672 nemo,
821 1615 900 1662 raeter
911 1616 960 1671 te,
979 1602 1033 1663 uua
1044 1618 1085 1678 pe-

216 1678 297 1735 cunia
311 1677 409 1737 adduci
424 1682 559 1756 potuerit,
578 1682 606 1740 id
620 1694 651 1740 tu
670 1683 751 1757 gratis
770 1622 901 1754 sufeipere
922 1677 1084 1739 conatum

214 1750 311 1811 verum
326 1755 361 1813 de
374 1755 419 1814 ista
433 1757 541 1815 furandi
555 1759 749 1833 praedandique
762 1755 944 1816 rationenihil
956 1754 1038 1815 dico:
1054 1752 1084 1815 de

214 1828 268 1887 hae
280 1829 453 1907 imperatoria
456 1835 515 1908 jam
522 1843 568 1892 tua
575 1834 655 1893 laude
661 1834 777 1909 disputo.

175 1916 208 1958 12
255 1906 307 1964 Vl.
326 1911 430 1983 Quin
452 1929 527 1978 ris,
547 1910 620 1969 boue
636 1902 1084 1984 eustosdeferrsorqueproviuriae?

74 1981 148 2041 ΜΒ»
216 1992 264 2051 tu,
283 2000 353 2058 quos
372 1985 462 2043 servos
475 2003 551 2045 arma
571 2003 668 2062 capere
687 2004 719 2045 ac
739 1984 842 2043 bellum
857 1985 947 2043 facere
960 1984 992 2042 in
1006 1984 1087 2045 sicilia

59 2054 206 2092 ⁶⁰¹¹XV¹¹L
216 2057 330 2115 voluiffe
344 2077 493 2134 cognoras,
514 2063 544 2120 &
554 2061 589 2121 de
604 2062 706 2121 consilii
719 2061 850 2120 sententia
860 2060 999 2136 judicares
1013 2080 1020 2121 r
1039 2060 1085 2119 hor

216 2132 423 2217 adnsupplicium
432 2139 492 2212 jam
508 2155 588 2196 more
602 2145 740 2215 majorum
753 2136 864 2196 traditos
879 2177 887 2204 ,
907 2138 938 2193 ὃ(
950 2135 987 2195 ad
1042 2152 1085 2195 uur

217 2207 354 2285 alligatos,
388 2229 422 2270 ex
437 2213 527 2272 media
548 2230 638 2273 morte
659 2216 763 2291 eripere
780 2230 814 2271 ac
833 2212 974 2271 liberarer
1004 2230 1035 2272 us
1046 2210 1089 2272 'esi

218 2298 265 2354 ut,
286 2304 369 2363 quam
378 2288 511 2348 damnatis
518 2290 596 2348 servis
611 2309 722 2349 crucem
730 2290 841 2358 fixeras,
861 2289 934 2347 hanc
949 2288 1087 2349 indemna-

217 2362 252 2423 tis
263 2364 367 2422 civibus
379 2365 513 2425 Romanis
525 2366 692 2425 reservares?
712 2366 829 2425 Perditae
843 2366 985 2434 civitates,
1003 2364 1088 2441 despr-

217 2441 280 2499 raris
287 2441 415 2499 omnibus
422 2443 516 2512 rebus,
535 2443 587 2500 hos
594 2443 680 2501 solem
694 2444 781 2503 exitus
794 2440 914 2499 exitiales
925 2439 1045 2513 habere,
1061 2450 1088 2499 ut

218 2515 341 2576 damnati
348 2516 376 2575 in
384 2519 520 2593 integrum
528 2518 715 2588 restituantur,
734 2514 984 2587 vineiisolvanmr,
1004 2516 1089 2579 exules

59 2632 78 2683 h
155 2632 161 2643 ·
197 2592 396 2681 treducantur,
417 2594 791 2670 resjudieataerescindantur.
811 2610 874 2669 quae
882 2591 1091 2661 cumacciduut.

60 2647 196 2766 R‘fflun
216 2686 303 2727 nemo
316 2668 371 2737 est,
390 2671 457 2744 quin
470 2669 601 2745 intelligat
615 2688 693 2731 ruere
708 2668 782 2729 illam
795 2666 1006 2743 rempublicam.
1035 2666 1091 2729 h‘aec

61 2765 184 2810 uuam.
216 2745 264 2803 ubi
276 2746 428 2814 bueniunr,
446 2763 534 2805 nemo
542 2749 595 2815 est,
615 2749 663 2825 qui
676 2746 760 2805 ullam
773 2746 849 2823 spem
861 2744 951 2804 salutis
962 2746 1090 2829 rerrqmu

63 2827 175 2877 &Grau
217 2818 272 2880 effe
285 2821 434 2879 arbitretur.

177 2903 210 2964 13
258 2898 419 2974 Atquehaec
426 2896 509 2956 sicubi
522 2897 676 2966 faetasurr,
695 2894 848 2964 faerasunu
867 2907 899 2954 ut
911 2894 1095 2973 homiuurpo·

219 2974 341 3053 pulures,
360 2986 406 3033 aut
416 2973 521 3033 nobiles
532 2974 682 3051 supplicio,
701 2986 748 3033 aut
768 2970 861 3032 exfilio
881 2970 1054 3043 levarentur;
1069 2980 1095 3031 rt
1125 2978 1127 2985 '

218 3069 280 3113 uon
293 3050 328 3108 ab
341 3049 382 3107 his
394 3049 471 3125 ipsis,
490 3051 538 3128 qui
547 3048 725 3125 judicassem
745 3061 773 3107 at
787 3066 847 3107 non
859 3046 951 3107 statim
964 3072 976 3117 ;
1003 3060 1033 3109 at
1042 3064 1095 3109 nou
1125 3118 1127 3123 ¹

221 3143 321 3186 eorum
333 3127 489 3186 facinorum
509 3126 646 3197 damuati,
666 3143 731 3207 quae
752 3123 904 3193 advitam,
924 3126 955 3185 &
971 3126 1096 3261 omniporu

1077 3216 1099 3259 r·

239 3331 278 3394 .⁸·
296 3328 387 3373 Nomine
393 3325 477 3402 scelerir
487 3327 679 3402 coniurationisque
689 3328 807 3399 damnari]
838 3322 973 3401 Lambinus
990 3341 1024 3401 ex¹
1034 3324 1101 3435 (Ἢ

224 3399 296 3433 erano
306 3385 401 3446 forsan,
416 3395 509 3438 hommes
516 3393 615 3451 scelerum
632 3390 700 3454 quod
710 3403 786 3439 etiam
796 3389 887 3454 plaeurt
899 3390 1056 3441 Gulielmius

225 3449 352 3557 uulgatum
360 3452 438 3519 louge
451 3454 539 3505 melius
551 3453 583 3505 est
590 3470 600 3513 5
616 3466 641 3505 ut
656 3452 750 3506 ostendi
761 3454 787 3506 iu
799 3449 1101 3573 suspicionibusserxfp
